2436 3816
549 155 766 220 ..36...

151 299 246 360 solum
268 302 300 360 iu
323 301 405 363 corio
429 317 532 360 verum
556 301 644 360 etiam
667 302 698 360 in
720 299 876 360 altitudine
899 299 1031 361 occultas
1050 299 1165 361 solvere

150 388 348 448 collectiones.

239 477 291 537 sed
311 479 336 536 si
355 477 432 537 forte
451 475 566 538 tardius
584 494 724 555 rumpere
744 478 875 536 senseris
893 484 1053 557 apostema,
1077 496 1164 557 opor·

152 573 195 627 tet
223 568 288 625 eius
316 563 454 626 adiuvare
482 564 664 626 celeritatem
696 563 856 625 electuario
883 560 1166 644 <meta>syncritico

124 654 181 713 aid
214 664 260 714 est
291 653 371 733 quod
403 653 496 714 valeat
528 653 674 714 occultam
706 651 911 713 collectionem
942 671 1096 734 rumpere,
1130 673 1166 715 ne

151 744 249 803 sanies
267 742 381 803 inclusa
399 743 528 822 plurimo
546 752 680 820 tempore
703 741 846 801 tardando
868 744 1010 802 interiora
1033 741 1167 802 membra

151 839 421 911 corrumpatquae
444 830 550 890 Graeci
572 831 665 890 moria
688 840 805 890 vocant.
841 831 997 891 conficitur
1021 833 1073 890 sic.
1118 831 1167 890 lici

151 922 282 1000 pinguis,
310 922 436 1000 origani,
464 917 620 993 marrubii,
647 927 746 998 rutae,
774 918 881 998 thymi,
912 918 1065 999 absinthii,
1098 938 1166 980 cen·

151 1010 263 1069 tauriae
288 1009 420 1069 radicum
445 1016 475 1068 et
504 1009 639 1087 seminis,
668 1009 792 1087 sinapis,
820 1007 1012 1086 cardamomi,
1041 1007 1165 1085 squillae

56 1123 83 1162 p.
97 1111 138 1151 roa
152 1097 241 1156 medii
259 1099 341 1176 paria
359 1097 505 1176 pondera:
528 1114 632 1156 omues
657 1095 765 1156 herbas
784 1096 933 1173 decoques
954 1090 959 1173 Ι
979 1097 1009 1155 in
1029 1113 1114 1176 aqua,
1137 1106 1168 1157 et

151 1187 251 1245 mittes
275 1203 311 1244 ex
334 1188 397 1263 ipsa
421 1184 594 1244 decoctione
617 1193 717 1264 partes
740 1183 767 1243 ll
791 1191 821 1244 et
844 1183 940 1244 mellis
958 1192 1073 1263 partem
1092 1184 1114 1264 l,
1138 1195 1168 1245 et

151 1291 262 1350 coques
286 1271 380 1332 donec
404 1271 499 1331 mellis
522 1281 620 1333 sumat
642 1273 884 1351 crassitudinem,
907 1279 938 1332 et
956 1271 1040 1332 dabis
1058 1272 1167 1334 ieiunis

151 1361 316 1421 secundum
331 1362 408 1420 vires
422 1358 571 1438 aliquibus
585 1359 764 1421 coclearium
778 1360 791 1420 l
806 1360 953 1439 aliquibus
968 1360 1113 1421 coclearia
1132 1361 1167 1421 ll.

240 1447 327 1510 aliud.
365 1450 390 1508 si
414 1449 491 1509 lorte
514 1450 545 1509 iu
573 1448 714 1529 pulmone
738 1449 828 1509 luerit
857 1448 1008 1529 collectio,
1033 1451 1166 1511 suliumi·

111 1539 284 1617 legatarius
307 1540 454 1598 trociscus
474 1556 564 1616 quem
582 1537 687 1598 Graeci
705 1539 918 1617 ypocapnistou
938 1546 1044 1599 vocant
1062 1539 1166 1598 ordine

152 1629 204 1705 qui
218 1626 254 1686 ad
268 1628 375 1687 tussim
389 1626 540 1686 humidam
554 1628 743 1705 conscriptus
757 1635 803 1685 est
817 1625 968 1686 adhibitus
979 1629 1167 1706 eruptionem

152 1713 306 1775 accelerat.

242 1813 272 1864 et
298 1810 455 1883 postquam
484 1805 602 1882 eruptio
636 1803 726 1863 licerit
754 1803 844 1883 lacta,
876 1810 994 1881 oportet
1026 1802 1167 1862 adhibere

153 1911 228 1972 quae
250 1892 365 1954 valeant
383 1891 483 1952 ulcera
502 1890 621 1952 sordida
642 1909 781 1971 purgare,
803 1891 859 1950 hoc
878 1899 924 1952 est
935 1908 1015 1952 sarco
1033 1893 1167 1970 ptisanae

225 2116 289 2171 11n
308 2119 382 2172 corio
400 2135 449 2186 99.
468 2117 625 2172 exteriusc
698 2116 850 2197 toportet
861 2119 908 2169 etc
924 2115 959 2181 cf.
975 2115 1066 2168 eadem
1084 2115 1168 2169 uerba

153 2205 190 2256 ap
192 2189 230 2241 ud
253 2188 325 2242 Coei
350 2189 420 2242 Aur.
445 2188 500 2241 cir.
524 2193 555 2250 5,
578 2193 641 2241 116.
749 2185 807 2239 ei.
832 2184 872 2253 (id
895 2188 949 2255 est)
973 2184 1126 2240 electuario
1127 2201 1168 2271 9

154 2259 182 2325 (i.
201 2274 251 2312 om.
270 2260 322 2339 cp).
362 2257 514 2311 electuario
531 2273 576 2326 9ο,
600 2256 771 2324 eliciariop.
880 2255 1027 2310 sineretico
1051 2273 1084 2324 pc
1101 2255 1167 2324 (sin-

153 2345 257 2399 recbico
272 2332 315 2414 9).
347 2346 446 2399 addidi
463 2347 546 2399 meta
628 2327 813 2414 dh(ea'c)p,
833 2343 882 2412 qui
900 2362 915 2398 c
933 2347 1015 2418 (q=
1035 2345 1110 2412 quod
1125 2347 1166 2425 p).

155 2414 354 2484 imorianq,
378 2415 468 2469 moria
490 2433 531 2484 cp.
626 2421 689 2471 'let
712 2421 727 2469 8
751 2416 924 2484 alopeciarum
951 2416 1168 2484 specierumque

154 2488 299 2556 archetypo
318 2488 502 2555 compendiose
519 2488 605 2555 script
604 2487 784 2555 emendices
806 2487 905 2540 babeat
928 2503 975 2555 cp,
998 2487 1168 2540 accusativos

110 2681 115 2693 ,
153 2558 254 2683 pp'iqup
268 2557 953 2697 rqetpsm(fipppmprnfflpmqugpplpppmpplnppp
982 2559 1168 2682 egentasshraerffn

154 2701 300 2781 (-reep‚
330 2698 488 2753 -centarie
512 2700 545 2767 e)
591 2699 700 2754 radices
723 2700 753 2753 et
775 2699 881 2754 semina
904 2699 1012 2766 (radiari
1040 2706 1168 2780 semiae

154 2770 267 2825 seminis
283 2768 446 2839 radicump
464 2770 500 2836 cf.
525 2769 597 2826 Cael.
616 2770 686 2826 Aur
706 2771 723 2824 i.
743 2787 765 2824 c.
784 2772 858 2838 118)
902 2770 1027 2839 sinopem
1050 2771 1092 2837 (—
1064 2769 1168 2838 —pic,

155 2841 233 2910 -pis
247 2845 288 2911 p).
322 2841 538 2896 cardamomum.
570 2842 671 2914 squillp
685 2841 809 2896 medium
823 2841 943 2910 pariap
1018 2846 1051 2895 10
1066 2839 1168 2896 Omnes

154 2913 255 2966 herbas
280 2929 375 2981 caup.
477 2918 508 2966 11
533 2914 562 2967 eb
586 2930 740 2982 coques—
760 2914 816 2982 (13)
836 2912 909 2967 vires
928 2928 978 2968 out
998 2929 1019 2967 c.
1059 2928 1123 2981 ooqs
1138 2930 1167 2981 9

155 3000 251 3054 coqp.
362 2989 394 3037 13
408 2983 550 3051 aliquibus
564 3000 609 3051 pc·
628 2983 919 3052 quibusdamariatp.
994 2983 1168 3051 cocleareq.

155 3057 270 3108 cocirc
299 3053 359 3123 (ccl'
386 3056 428 3122 9).
536 3054 728 3123 cocleariaq:
755 3071 805 3108 oen.
831 3071 860 3121 c,
889 3053 979 3110 coclr
1002 3072 1032 3123 9
1136 3061 1168 3108 14

155 3124 262 3189 suflsub
280 3124 472 3191 clfumatoriua
496 3141 554 3194 pap
661 3131 693 3179 15
712 3142 781 3195 quos
800 3141 821 3180 c
925 3126 1148 3195 ypocapnietos
1144 3142 1168 3191 u,

156 3198 272 3263 —iop,
291 3211 408 3264 ypocras
427 3194 557 3250 urscoac.
662 3202 695 3249 16
718 3196 767 3265 qui
790 3195 878 3265 adp.
901 3213 956 3266 quo
983 3196 1070 3261 ade,
1098 3196 1170 3250 coad

153 3266 257 3334 (simp.
330 3266 476 3335 1ιιιιίιιι9ι
501 3282 595 3321 -sem
614 3283 647 3336 cp
666 3266 749 3333 (adt.
764 3267 867 3322 humst
855 3285 875 3323 a
889 3285 910 3323 e.
925 3270 980 3336 33)
1053 3267 1170 3337 zacripti

154 3338 219 3389 sunt
232 3339 268 3404 (et
280 3352 344 3390 mom
357 3337 526 3406 accelerant)
543 3354 564 3391 c.
637 3337 781 3392 adhibitus
790 3355 826 3407 9·
841 3341 906 3394 —to
920 3356 945 3409 9,
967 3339 1061 3395 -ue
1136 3344 1168 3392 19

155 3423 219 3462 suco
233 3424 269 3476 p:
289 3422 387 3460 -cum
405 3423 434 3474 9,
455 3413 524 3462 -cir
543 3425 564 3462 c.
