2436 3816
523 152 761 218 ..154-

437 333 524 394 txtt.
561 334 608 395 tn
634 333 843 394 freneticos.

222 458 276 520 Est
303 466 402 519 autem
430 457 557 519 irenesis
583 459 749 520 immutatio
778 459 888 520 mentis
911 475 981 521 eum
1010 456 1096 521 febre
1119 462 1148 520 in

133 566 194 609 uno
217 563 419 628 perseverans.
457 555 488 608 et
510 547 639 608 efficitur
660 548 785 608 maxime
807 564 844 608 ex
867 548 958 617 nimia
981 546 1148 629 adustione,

133 636 213 715 qnod
240 654 276 696 ex
304 652 467 697 encauseos
501 635 617 717 dicunt,
649 644 700 697 ant
732 653 769 696 ex
797 633 964 697 vinolentia
1013 638 1148 717 sequitur

105 732 233 785 tantem
251 731 388 803 aegrotos
412 723 504 786 febris
523 731 617 805 acuta,
640 723 733 784 rubor
751 722 864 804 vultus,
888 722 980 786 multa
1000 722 1148 787 mobilitas

132 811 288 873 oculorum
307 830 376 873 cum
394 815 539 892 tensione,
557 810 724 873 lucubratio
743 812 804 873 sire
821 813 1026 895 insomnietas,
1044 812 1147 893 pulsus

132 904 275 982 parvitas,
302 920 391 980 quam
419 900 627 980 microsiyxian
654 900 771 981 dicunt,
804 901 913 962 mentis
945 899 1087 963 alienatio
1118 910 1147 963 et

133 991 334 1071 crocydismos
353 990 383 1051 id
402 998 448 1052 est
466 988 611 1051 ssooornm
631 988 750 1069 electio,
773 990 799 1050 si
822 988 944 1069 quidem
962 988 1065 1069 digitis
1088 991 1144 1052 tre·

133 1088 260 1157 quenter
288 1082 350 1167 ipsi
386 1081 533 1160 patientes
570 1080 754 1159 operimenta
785 1084 943 1138 attractare
980 1077 1146 1141 rideantur.

93 1179 119 1220 1⁰
133 1167 289 1247 aliquando
317 1162 333 1229 e
361 1166 525 1248 parietibus
553 1165 676 1247 stipulas
703 1164 819 1247 legunt,
847 1155 927 1245 quot
951 1165 1060 1229 Graeci
1085 1185 1146 1229 car·

133 1255 260 1336 lologian
283 1256 439 1336 appellant
477 1264 507 1317 et
525 1255 682 1336 aliqnando
701 1272 770 1316 cum
788 1253 935 1316 hilaritate
959 1256 1146 1336 irenetiznnt,

134 1343 291 1422 aliquando
314 1362 385 1405 roro
409 1361 478 1405 cunt
502 1345 631 1405 tristitia.

220 1433 251 1492 in
279 1430 484 1493 curationibus
516 1450 587 1492 vero
618 1434 698 1494 inter
730 1430 864 1511 scapulas
896 1431 977 1492 circa
1011 1431 1145 1513 spondyli

132 1519 231 1580 locum
263 1518 418 1581 cucurbita
450 1538 519 1581 cum
548 1519 736 1581 soariiatione
769 1520 880 1601 uteris,
912 1527 942 1579 et
974 1529 1044 1600 post
1075 1520 1144 1582 baec

93 1620 119 1662 ro
132 1615 290 1687 praetenso
318 1611 453 1688 pressius
480 1610 575 1688 capite
603 1607 678 1669 lanis
702 1606 864 1687 oryroclino
887 1606 995 1669 inlusis
1020 1611 1144 1690 operies.

133 1703 163 1756 et
186 1697 212 1757 si
235 1705 338 1758 venter
361 1715 420 1757 non
443 1697 561 1771 iecerit,
585 1695 711 1776 clystere
735 1694 928 1758 deducendus
951 1698 1018 1758 erit.
1048 1712 1053 1721 ·

221 1784 309 1848 aliud.
345 1785 473 1847 hederae
492 1783 574 1846 albae
594 1784 661 1847 tolio
684 1786 716 1846 in
734 1803 809 1863 aqua
833 1783 955 1845 decocta
975 1803 1045 1847 cum
1065 1794 1143 1848 aceto

133 1882 163 1935 et
186 1893 308 1936 rosaceo
331 1877 401 1937 trita
425 1884 455 1937 et
477 1893 531 1956 per
553 1873 707 1936 linteolum
731 1873 858 1953 eliquata
877 1881 907 1933 et
928 1860 1142 1955 capitfinpino

133 1962 282 2025 schemate
314 1965 440 2026 iacentis
471 1963 569 2025 infusa
600 1964 788 2043 frequenter,
825 1978 962 2023 somnum
995 1961 1144 2025 adducunt

92 2064 119 2104 το
133 2049 293 2113 freneticis.
717 2128 720 2136 Ι

222 2140 309 2202 aliud.
350 2143 381 2201 in
405 2139 496 2201 calida
520 2148 550 2201 et
574 2139 638 2200 oleo
666 2157 786 2200 rosaceo
817 2145 965 2218 ptygmata
994 2137 1093 2200 infusa
1115 2144 1143 2200 et

133 2231 266 2306 apposita
298 2248 315 2289 a
347 2237 432 2309 tergo
464 2229 543 2289 inter
577 2227 711 2308 scapulas
744 2235 774 2288 et
806 2228 934 2307 pectori,
972 2225 1144 2305 frequenter

132 2314 302 2378 humectato
326 2316 460 2398 thorace,
484 2334 621 2377 somnum
644 2316 765 2377 iaciunt.

205 2458 217 2503 1
239 2449 281 2504 De
298 2449 402 2506 frenesi
415 2468 445 2521 p.
532 2457 549 2505 2
568 2448 685 2506 irenesis
703 2467 730 2505 c:
751 2448 892 2505 freneticis
907 2464 938 2518 p.
1025 2456 1144 2520 squam

131 2534 283 2575 encsuseos
301 2520 327 2575 d.
348 2537 389 2589 ep.
461 2521 597 2578 violentia
611 2537 642 2591 p.
715 2527 731 2576 6
750 2525 785 2575 oio
803 2518 923 2575 intenlio
942 2536 965 2588 c,
985 2521 1143 2590 itensiop

131 2590 178 2658 (ef.
198 2589 270 2646 Cael.
289 2591 360 2647 Aur.
379 2607 423 2648 oe.
442 2593 476 2660 I,
496 2597 552 2662 36).
647 2591 794 2647 lucubrato
809 2607 845 2660 p:
865 2595 877 2644 t
896 2589 1012 2646 brachio
1031 2607 1053 2646 c.
1125 2595 1140 2645 t

129 2679 270 2735 microsfis
283 2697 305 2750 c,
323 2664 420 2752 mififin
436 2697 463 2751 p.
536 2685 553 2735 8
567 2680 700 2736 flooornm
713 2679 828 2735 elleolio
841 2696 864 2746 c,
882 2678 982 2734 florum
998 2678 1102 2736 electio
1109 2695 1140 2750 p.

130 2750 300 2821 spatientis
320 2770 342 2807 c.
452 2754 574 2808 altatare
597 2769 623 2818 e,
647 2751 807 2807 odoacare
827 2766 858 2819 p.
966 2748 1099 2806 ridentur
1111 2766 1142 2820 p.

131 2825 538 2896 toeczom.p(nodd.p⁰).
609 2819 951 2904 patrologiae-amp,
1027 2828 1141 2877 tloum

129 2908 180 2948 om.
199 2912 239 2965 cp.
347 2896 530 2952 freneticatnr
547 2912 573 2964 c,
592 2892 757 2950 freneiidn'et
770 2909 802 2974 p.
906 2896 939 2944 12
958 2908 1026 2948 vero
1044 2908 1098 2948 oto.
1110 2908 1140 2963 p.

131 2969 163 3018 13
178 2966 309 3035 spondilii
319 2985 341 3034 c,
356 2967 558 3037 spondiliornrn
567 2983 597 3036 p.
664 2969 697 3020 14
707 2961 908 3019 scarrficatione
917 2962 1053 3029 l-lloono
1063 2967 1089 3033 e)
1098 2977 1137 3033 ep.

131 3040 163 3089 1⁶
182 3039 315 3106 pretnnso
330 3055 361 3120 ,cz
379 3053 493 3107 proraso
506 3054 537 3107 p.
609 3034 745 3090 exicidino
764 3050 787 3101 c,
806 3032 932 3090 exirodir‘r
945 3049 976 3102 p.
1024 3104 1030 3116 ·
1050 3033 1141 3116 operis

129 3122 170 3257 ,ll
183 3109 454 3234 nnuu¹lilrl⁰bll
470 3113 517 3233 2⁰⁰
551 3107 759 3258 lumea?
777 3107 908 3230 well}
926 3105 1142 3301 melhffjss

128 3263 157 3299 1n
176 3250 257 3303 aceto
276 3251 305 3304 el
323 3266 385 3304 cnm
404 3267 426 3305 r.
445 3265 469 3305 c.
542 3247 753 3315 191eoenncp,
825 3262 1024 3330 (somnump.
1131 3273 1142 3283 ·

128 3333 207 3389 ducit
225 3339 287 3405 (-i
300 3340 332 3407 p)
351 3355 393 3407 cp.
476 3343 510 3392 21
529 3335 651 3406 piimata
664 3350 700 3403 p,
721 3349 789 3389 -ca
807 3349 828 3389 o.
908 3333 1083 3402 aspectoris
1101 3348 1141 3401 cp.

129 3410 161 3458 23
182 3408 211 3460 et
230 3411 378 3475 (somnum)
398 3425 420 3463 c.
493 3406 563 3463 lenit
580 3405 636 3475 (fal
652 3410 683 3475 p)
702 3420 743 3474 cp.
