2452 3840
534 36 751 100 ..20-

135 183 274 246 fundatae
298 191 328 245 et
351 181 517 242 immobiles
535 180 581 241 vel
604 179 728 242 callosae
748 182 811 240 sine
835 178 946 240 dolore.
983 178 1057 239 aliae
1080 197 1150 240 vero

135 271 260 333 mobiles
283 280 314 333 et
336 271 435 332 radice
463 269 576 330 debiles
604 278 634 330 et
652 268 805 353 modicum
827 271 906 328 circa
929 266 1061 329 radicem
1084 267 1151 328 bae

135 370 246 422 rentes.
282 363 314 421 in
337 358 500 419 infantibus
523 360 641 438 saepius
664 364 830 418 nascuntur
857 364 887 416 et
909 354 1069 436 aliquando
1098 375 1151 418 sua

137 458 242 529 sponte
257 448 374 509 cadunt.
408 466 482 527 quae
500 466 568 509 cum
587 448 678 526 digito
698 447 809 507 luerint
827 447 1000 527 impressae,
1018 444 1152 507 dolorem

109 551 122 591 ⁵
136 538 249 598 iaciunt
263 537 389 598 similem
403 536 551 598 morsibus
570 537 770 609 formicarum,
789 534 868 595 unde
887 552 1028 613 graecum
1042 552 1152 596 nomen

136 628 313 706 myrmeciae
342 634 531 705 acceperunt.
578 632 649 684 sunt
676 623 749 684 aliae
781 640 903 702 asperae
937 630 967 684 et
1004 625 1065 684 cris
1086 623 1151 684 ulae

135 717 168 776 in
191 715 413 775 similitudinem
437 715 615 775 summitatis
634 712 735 792 thymi,
759 711 838 772 unde
857 729 874 771 a
891 642 1151 791 Graecis'lbpy'iiroe

136 803 328 884 appellantur.

225 891 277 952 sed
306 891 445 953 omnibus
472 908 562 970 supra
591 889 678 950 dictis
701 907 761 949 una
784 896 830 949 est
856 890 979 950 curatio.
1026 888 1085 949 boc
1108 897 1153 950 est

97 995 123 1034 10
136 980 281 1061 tithymali
307 980 441 1062 lacrima,
473 998 547 1058 quae
577 986 622 1039 est
648 980 680 1039 in
709 976 932 1038 similitudinem
963 977 1063 1059 lactis,
1094 978 1151 1038 fre·

137 1077 264 1149 quenter
292 1071 371 1147 ipsas
398 1087 539 1129 verrucas
566 1066 677 1148 illimes,
706 1074 735 1127 ct
761 1066 946 1145 putrefactae
970 1065 1082 1145 cadupt
1107 1084 1151 1126 ra·

136 1157 254 1219 dicitus.
295 1156 382 1217 aliud.
424 1155 460 1216 ad
487 1158 663 1235 myrmecias
694 1155 841 1216 infantum
869 1154 1018 1214 coriandri
1049 1154 1152 1215 viridis

138 1244 207 1305 lolia
230 1263 298 1306 cum
322 1245 382 1305 sale
405 1247 477 1305 trita
500 1250 699 1324 apponuntur.

466 1384 543 1447 Xlll.
579 1385 628 1445 Ad
651 1386 826 1464 stigmata.

98 1504 124 1544 1⁵
228 1491 370 1571 Stigmata
402 1492 544 1553 dicuntur
571 1491 758 1553 characteres
786 1492 942 1570 nominati,
973 1508 1050 1568 quos
1078 1491 1153 1553 mili·

138 1583 264 1642 tantium
288 1598 393 1641 manus
420 1581 466 1641 vel
493 1581 670 1641 seminarum
698 1596 867 1639 maurarum
890 1577 990 1639 vultus
1013 1566 1152 1641 ostendit.

159 1674 170 1685 ”
227 1668 373 1730 tolluntur
404 1687 474 1729 vero
506 1667 673 1748 periculose
701 1667 916 1728 medicamento
947 1667 1167 1753 discoriatorio·

139 1759 219 1839 quod
247 1758 352 1820 Graeci
379 1758 520 1819 ecdorion
547 1765 661 1818 vocant.
708 1764 754 1816 est
776 1758 855 1816 enim
883 1757 1032 1817 causticae
1055 1764 1086 1817 et
1110 1775 1153 1817 se·

139 1851 235 1927 plicae
259 1850 377 1910 virtutis
400 1847 429 1908 id
453 1857 500 1909 est
523 1847 708 1908 incensoriae
732 1851 762 1904 et
783 1845 1025 1924 putrificatoriae.
1068 1847 1154 1906 cuius

211 2007 225 2054 1
244 2000 292 2055 vel
308 2017 352 2069 pc:
373 2001 446 2068 etp.
538 2005 553 2052 2
574 2000 603 2053 et
625 1997 720 2052 radice
742 1996 860 2051 mobiles
879 1997 909 2050 et
925 1996 1020 2051 radice
1047 1997 1155 2053 debiles

140 2071 192 2138 (sic
210 2087 244 2124 ec
264 2071 371 2138 duplici
389 2070 460 2135 leot.)
478 2084 506 2136 c,
530 2070 559 2122 et
587 2067 688 2122 radicis
711 2067 812 2122 debilis
831 2083 862 2136 p.
943 2067 1087 2122 modicum
1109 2085 1154 2138 pc:

140 2156 207 2194 -ce
221 2156 252 2208 p.
324 2155 347 2193 c.
366 2137 495 2194 radicem
529 2138 728 2193 inicientibus
742 2143 789 2192 etc.
803 2154 850 2207 pp,
869 2154 891 2193 o.
905 2137 1031 2192 radicem
1044 2154 1156 2194 serenes

141 2211 211 2277 (sic).
249 2209 282 2262 In
304 2207 458 2262 infantibus
482 2225 496 2263 c
519 2209 603 2278 (uode
625 2211 768 2278 serpentes
791 2209 958 2278 dempserim,
982 2210 1030 2264 sed
1056 2226 1157 2279 parum

140 2279 235 2334 radice
253 2279 419 2334 adherentes
437 2279 533 2334 Simon
550 2295 571 2334 a.
591 2279 805 2347 acrocordines).
878 2285 896 2333 4
914 2296 979 2333 cum
996 2296 1044 2348 po:
1062 2297 1114 2335 om.
1123 2299 1156 2351 p.

141 2357 157 2405 5
171 2367 254 2420 greco
268 2350 380 2405 nomine
394 2350 558 2418 myrmetias
571 2367 674 2405 nomen
687 2367 712 2404 a.
726 2367 753 2420 p,
771 2349 884 2404 nomine
897 2367 983 2420 greco
996 2350 1156 2408 mirmeoias

138 2457 165 2494 m
185 2456 210 2495 a.
230 2456 254 2505 c,
271 2444 291 2492 fi
307 2424 360 2565 geo
379 2437 505 2493 mirmice
524 2428 542 2494 fi
560 2440 763 2509 acceperuntp
782 2438 957 2506 (myrmecias
982 2455 1078 2508 praece
1095 2457 1157 2509 pcc.

138 2513 207 2580 apt)
280 2508 449 2566 6.etalie
458 2526 489 2578 p.
581 2527 610 2564 cr
637 2510 720 2580 pulae
738 2510 802 2573 (titt.
818 2514 882 2578 post
900 2527 913 2562 r
931 2510 1039 2564 inemo
1056 2517 1093 2564 a?
1112 2514 1157 2581 et)

139 2581 295 2663 p‚·erepule
313 2598 336 2649 c,
357 2579 462 2649 cripule
481 2571 621 2650 (dpulelp
640 2579 771 2648 (crispulo
789 2579 904 2647 Simon).
1005 2587 1021 2634 't
1040 2581 1113 2650 tymi
1130 2599 1157 2651 9,

139 2652 282 2778 mli·
372 2651 504 2777 iurat
523 2651 886 2778 &wallibici
932 2650 1158 2791 illibati

139 2741 320 2852 laclltimo.p'i
344 2795 419 2850 lacte
441 2739 659 2862 beqffinstrtq
711 2761 799 2846 illinis
825 2807 884 2861 pop.
903 2737 929 2789 θ’
976 2739 1158 2862 placicitus

141 2865 246 2919 eadunt
258 2883 304 2935 pc.
396 2871 429 2919 12
448 2864 606 2919 mirmecias
623 2880 683 2933 ppo.
773 2862 913 2916 infantum
930 2878 981 2932 pp:
1007 2864 1116 2919 -tium
1135 2882 1158 2922 o.

142 2937 177 2987 14
185 2936 227 2991 tit.
235 2936 275 2989 De
286 2936 473 2992 caracteribus
479 2952 509 3005 p.
580 2941 612 2989 17
623 2932 821 2988 descoriaton'o
830 2949 871 3001 pc,
882 2933 1121 3002 detd'poriatorio
1126 2953 1159 3005 ρ.

142 3008 176 3084 ξθ
194 3004 326 3061 ecdorion
343 3024 369 3078 9,
387 3005 521 3061 exdorion
539 3021 567 3071 c,
586 3005 699 3059 ecdoria
717 3010 781 3058 acte
798 3019 867 3058 corr.
887 3005 946 3072 (qui
963 3005 1016 3059 hec
1034 3005 1115 3061 dona
1134 3013 1161 3063 et

140 3072 180 3125 sd.
198 3075 231 3127 in
246 3092 333 3145 scorp.
352 3076 514 3143 eccidoriat)
528 3093 559 3144 p.
649 3075 701 3128 Est
718 3075 806 3130 enim:
824 3073 935 3128 Etenim
950 3091 975 3142 p.
1068 3079 1100 3132 et
1117 3096 1160 3134 se·

142 3141 235 3223 ptioae
248 3161 266 3213 p
280 3146 321 3213 (et
334 3148 446 3218 stiptice
460 3150 498 3214 c):
517 3163 567 3200 ooo.
581 3163 608 3214 p.
683 3152 715 3199 19
735 3145 891 3199 incensorio
906 3147 935 3199 et
953 3146 1160 3215 putrificatorio

143 3212 389 3336 (magam).
462 3217 539 3272 cuius
557 3248 591 3257 -
610 3219 654 3271 est
671 3216 881 3284 (medicamenti
898 3230 949 3272 orn.
968 3219 994 3286 o)
1011 3232 1057 3285 pc:
1081 3221 1161 3288 quod

143 3292 177 3333 co
215 3298 243 3336 cs
305 3300 346 3339 sac
358 3302 389 3354 p.
