2436 3816
555 139 776 202 „43-

155 305 288 349 meracae
316 288 453 366 potiones
481 290 533 345 ant
559 283 708 344 lavacrum
736 290 788 342 ant
819 282 971 361 vaporatio
1001 288 1054 342 ant
1082 279 1173 343 flebo·

154 378 245 437 tomia
275 384 326 435 aut
358 373 553 433 catharticum
586 371 687 433 datum
720 370 800 450 qnod
832 371 992 431 larmacian
1025 369 1175 450 appellant

155 463 250 524 solvit.
293 462 345 522 sed
373 463 471 522 omnia
499 461 571 521 haec
599 463 732 540 quinque
760 458 926 520 secundum
956 461 1178 537 expositionem

155 551 271 630 Magni
300 550 584 628 iatrosophistae
613 567 703 629 sopra
733 557 915 608 memoratos
939 549 1041 609 senior
1064 546 1175 628 llippo-

129 649 254 700 ⁵crates
285 658 354 699 com
386 637 567 699 discretione
600 636 740 697 adhibere
773 639 937 717 praecepit,
969 644 1001 697 et
1029 639 1056 696 si
1084 637 1177 696 luerit

155 727 241 786 dolor
269 745 305 786 ex
333 726 517 804 plenitudine
545 727 712 804 sangoinis,
739 725 908 785 llebotomia
936 735 987 786 aut
1010 724 1176 785 cathartico

155 815 339 874 detractione
364 815 440 875 lacta
459 831 575 892 curare,
598 816 645 873 sin
663 832 735 873 vero
753 833 789 874 ex
809 816 942 874 siccitate
965 815 1058 874 luerit
1082 813 1175 892 dolor,

155 901 272 962 lavacro
290 909 321 961 et
339 906 528 981 vaporatione
547 901 734 962 humectatos
752 921 867 982 sanare,
889 905 936 962 sin
959 920 1032 962 vero
1052 921 1090 962 ex
1108 920 1175 982 per·

155 991 293 1050 frictione
301 990 556 1051 ethomectatione
564 991 753 1071 lueritdolor‚
762 993 1006 1070 meracapotione
1015 990 1176 1051 calefactos

116 1093 141 1131 1o
156 1079 276 1138 mederi.
304 1080 405 1138 vinum
416 1071 543 1157 namque
558 1079 692 1139 calefacit
706 1088 737 1140 et
750 1079 889 1140 desiccat.
917 1079 1086 1140 secundum
1096 1080 1175 1139 varia

155 1176 289 1244 tempora
320 1170 491 1245 passionum
526 1170 623 1226 omnio
655 1168 789 1227 adhiberi
824 1177 981 1246 praecepta
1002 1174 1097 1228 ¹sunt.
1146 1170 1176 1226 in

154 1256 227 1332 ipsis
259 1256 353 1315 initiis
385 1254 593 1315 abstinentiam
626 1256 684 1315 cibi
715 1256 761 1316 vel
793 1258 939 1316 ieiunium
968 1262 1091 1334 oportet
1123 1257 1177 1315 im·

154 1360 270 1421 perere,
293 1346 324 1403 in
348 1352 506 1422 augmento
530 1362 601 1403 vero
624 1346 712 1404 tertia
736 1344 780 1403 rel
805 1351 910 1422 quarta
933 1344 981 1404 die
1004 1343 1177 1404 flebotomia

155 1430 200 1489 rel
235 1431 397 1491 cathartico
434 1434 566 1512 operari,
602 1432 799 1492 declinatione
831 1451 903 1492 vero
934 1433 1028 1506 lacta,
1059 1432 1177 1493 lavacro

117 1520 208 1578 ocuti.
255 1518 328 1578 haec
352 1528 421 1579 sunt
452 1538 528 1599 quae
558 1520 723 1580 secundum
753 1522 910 1582 aforismos
936 1522 967 1582 id
997 1530 1045 1581 est
1072 1520 1177 1581 delini·

155 1608 245 1665 tionis
280 1606 478 1685 eloquentiam
511 1608 666 1668 oculorum
699 1608 852 1670 doloribus
884 1612 981 1689 posita
1017 1627 1087 1669 esse
1126 1627 1176 1669 no-

155 1702 290 1755 scuntur.
1149 1770 1154 1779 Ι

245 1801 325 1844 nrrnc
344 1803 414 1844 rero
434 1783 562 1862 qualiter
579 1787 700 1863 proprie
725 1787 797 1864 ipsis
816 1786 911 1847 oculis
929 1788 1087 1866 passiones
1107 1805 1177 1848 con·

156 1871 271 1949 tingant
295 1872 468 1933 scribamus.
506 1872 662 1952 aliquando
685 1892 754 1934 com
777 1877 891 1954 ingenti
913 1875 1032 1935 lervore
1058 1875 1177 1936 dolores

116 1974 142 2009 ευ
157 1958 341 2041 eliciuntur,
364 1961 523 2040 aliqnando
542 1980 611 2021 cum
633 1963 827 2042 perfrictione
847 1972 878 2023 et
900 1973 1023 2042 torpore
1043 1962 1176 2044 sensus]

225 2240 243 2312 ¹1
262 2238 369 2288 memte
387 2236 532 2303 passiones
550 2253 580 2299 c,
604 2235 674 2289 meri
692 2238 822 2305 potiones
836 2256 867 2307 p.
976 2241 1072 2308 levati
1090 2258 1118 2310 c,
1136 2241 1178 2295 la·

156 2317 233 2355 rocrr
247 2319 277 2371 p.
350 2308 400 2358 out
414 2336 448 2345 -
463 2306 555 2360 solvet
570 2307 635 2373 (eici
648 2322 674 2360 c:
694 2312 745 2361 aut
757 2309 891 2364 sarmatia
903 2310 989 2366 solvit
1003 2315 1065 2376 (oct.
1081 2319 1139 2380 om)
1147 2330 1177 2381 p.

156 2369 368 2428 2larmaoir'1c.
442 2376 506 2430 SV.
522 2393 563 2445 cp.
637 2378 765 2446 tmngni
778 2379 879 2447 hyetto
895 2382 1022 2450 sophicis
1037 2400 1061 2450 c,
1080 2382 1178 2452 magni

156 2445 245 2528 (mod)
268 2459 363 2515 hiatus
386 2463 510 2532 sophinte
528 2482 559 2534 p.
664 2482 749 2534 supra
771 2483 821 2521 om.
845 2485 867 2521 c.
967 2475 1131 2526 memorato
1155 2489 1177 2525 c.

156 2528 249 2611 hypqd
266 2548 288 2597 c,
306 2549 426 2601 ypooros
440 2550 470 2602 p.
556 2542 767 2591 deorumne.
859 2539 988 2594 adhiberi
1007 2557 1022 2594 c
1042 2544 1122 2609 (-re
1137 2547 1177 2611 p).

155 2604 188 2651 ut
205 2617 228 2653 n
248 2617 288 2669 cp.
372 2604 612 2662 'idennctatione
627 2625 657 2675 p.
748 2609 854 2662 factam
874 2626 895 2663 c.
983 2611 1034 2665 Sin
1053 2629 1081 2667 c:
1102 2613 1133 2668 Si
1147 2631 1177 2682 p.

155 2684 190 2723 ex
204 2685 254 2752 ⁰l''·
270 2688 312 2755 cp.
385 2674 584 2731 Rhomeetotis
598 2695 620 2731 c.
693 2677 741 2732 Sin
759 2695 785 2732 c:
801 2678 831 2732 Si
841 2697 871 2748 p.
945 2682 1180 2751 aperirioata'one

156 2755 189 2807 cp
208 2742 237 2823 (r.
255 2741 361 2814 ingero
379 2746 444 2827 odd
460 2763 496 2815 p,
515 2765 571 2801 non
589 2752 633 2831 o).⁸
687 2765 810 2832 ,meraco
828 2768 842 2804 o
861 2752 969 2817 (menta
986 2753 1178 2823 Petr.c.19):

156 2822 381 2941 liddensi}
392 2819 852 2960 imsimilittdttf·
893 2839 1178 2965 1311111111

156 2952 188 2999 14
208 2953 256 3006 rel
274 2971 301 3009 r:
322 2960 372 3011 aut
385 2975 415 3027 p.
503 2963 638 3017 cotardia
654 2965 719 3029 (sict
731 2980 763 3030 p,
782 2980 881 3017 -cum
899 2981 922 3018 c.
1015 2967 1130 3035 operari
1144 2985 1179 3036 p:

154 3034 226 3101 Tre·
242 3037 265 3077 θ.
337 3027 367 3081 in
386 3028 495 3098 declp
515 3031 554 3098 (in
572 3047 622 3087 on.
642 3038 676 3099 c).
748 3034 825 3087 iacta
843 3051 894 3090 om.
909 3053 939 3104 p.
1020 3043 1055 3092 15
1075 3037 1179 3092 diffini-

44 3130 52 3143 .
153 3086 241 3171 nomn
262 3110 294 3161 p.
388 3104 421 3155 16
443 3102 596 3155 naaountur
623 3118 665 3170 ep.
757 3108 790 3156 18
815 3105 956 3173 pensionis
981 3108 1179 3179 contingente,

150 3169 298 3275 5¹3⁸!an
316 3168 484 3241 contingunt
497 3187 528 3239 p.
637 3179 671 3226 19
689 3174 849 3242 Aliquando
867 3182 915 3231 etc.
935 3179 1005 3245 (eici
1021 3182 1098 3248 quod
1117 3196 1179 3250 per·

162 3228 304 3289 amnone
327 3241 358 3293 et
379 3244 508 3311 corpore)
531 3256 557 3295 c:
582 3241 699 3298 Dolores
728 3244 888 3300 efficiuntur
911 3249 967 3316 (lic
991 3265 1063 3306 corr.
1092 3267 1179 3320 moro.

147 3290 325 3439 :ltiqoug‘dg
338 3324 402 3365 nom
420 3310 529 3383 ingenti
548 3312 656 3368 fervere
673 3316 745 3379 (sict.
782 3315 934 3386 aliquando
949 3336 1014 3374 cnm
1028 3320 1178 3379 fricatione
