2436 3816
469 152 665 217 ,8-

66 300 173 361 tuuslcs
203 316 293 378 supra
320 298 414 358 dictas
442 299 558 377 species
584 306 616 358 et
642 314 764 377 cernes,
791 304 824 357 et
849 296 951 376 primo
976 294 1082 357 dcem

66 408 134 449 cunr
161 406 238 466 oque
265 390 447 465 competenti
474 404 586 465 coques
613 388 644 445 in
671 402 749 445 noro
783 382 896 445 cacabo
923 392 1023 447 testeo
1051 394 1083 445 ut

67 496 125 537 nou
153 476 259 537 durius
291 474 342 534 scil
376 474 522 553 liquidum
549 474 698 553 videatur,
728 482 760 535 ct
790 474 836 533 sic
868 490 963 555 supra
993 474 1084 535 dictos

66 568 182 645 species
208 581 455 643 supcrnsperges,
482 574 513 624 et
539 562 645 623 leviter
671 578 785 641 coques
814 568 848 623 et
878 580 981 641 penna
1006 560 1083 641 golli-

15 666 54 706 170
68 672 158 714 noces
176 652 315 731 probabis
335 670 410 731 quae
430 672 489 713 non
508 652 599 713 luerit
618 650 684 711 oleo
704 644 709 731 Ι
728 648 850 730 polluto.
884 658 963 711 tuuc
982 650 1082 732 psulu

68 742 128 802 lum
153 751 307 820 tepescere
330 744 411 803 sines
434 750 465 802 et
488 744 531 801 sic
550 749 640 819 caput
657 748 763 801 contre
780 736 989 819 capillaturam
1009 738 1082 799 lines

68 833 183 891 cautius
212 848 249 891 ne
277 831 381 892 oculos
411 831 575 910 contingat,
603 837 635 888 et
664 846 734 889 cum
766 826 956 889 sufficienter
986 836 1080 889 sotem

68 920 231 997 constringi
260 922 411 980 senserint
436 921 467 979 in
495 935 636 996 vaporem
667 918 783 989 mittes,
816 924 948 977 etcum
979 916 1081 977 sulus

68 1010 234 1088 coeperint,
263 1008 358 1069 oculis
386 1007 494 1068 clausis
521 1005 568 1066 vel
595 1022 687 1084 supro
712 1004 836 1065 lintoolo
862 1003 964 1085 ligatis
990 1012 1081 1067 cotom

29 1110 54 1148 10
69 1107 158 1175 caput
180 1096 366 1157 cstolricshis
388 1104 420 1157 et
442 1095 556 1156 adiecto
585 1112 661 1173 aque
683 1092 777 1153 calido
798 1090 924 1175 lsrsbis,
947 1102 981 1155 ct
1005 1100 1083 1173 posi·

69 1202 158 1263 quarn
181 1184 299 1263 laveris,
322 1201 443 1262 asperso
466 1182 608 1243 cantabro
632 1180 769 1243 manibus
788 1180 944 1243 motlcrsts
966 1180 1083 1243 trinnis

69 1275 226 1332 etiterum
245 1270 362 1331 levabis.
395 1279 467 1331 tunc
486 1270 552 1331 oleo
570 1288 742 1350 perungues
764 1278 796 1331 et
817 1272 851 1331 iu
868 1268 945 1331 solio
963 1270 1082 1331 descen·

69 1361 140 1420 dere
164 1359 296 1419 dimittes
318 1369 349 1420 et
378 1367 447 1439 post
468 1378 563 1420 unum
585 1358 664 1419 diem
687 1360 719 1419 in
737 1356 801 1419 sols
824 1366 923 1419 totum
940 1366 1031 1441 caput
1047 1354 1082 1417 sti

70 1448 204 1527 scopulos
227 1467 282 1527 per
301 1448 364 1507 dies
385 1466 511 1509 numero
530 1449 662 1527 quinque
681 1446 810 1526 dropace
827 1445 964 1509 induces
1000 1448 1084 1509 cuim

30 1538 207 1615 europaeis
234 1538 381 1597 conlectio
404 1536 471 1597 talis
499 1546 553 1597 cst.
599 1553 702 1616 cerac,
728 1536 805 1615 picis
832 1536 944 1617 sicone,
970 1538 1084 1597 resim

69 1627 211 1706 pitninae‚
229 1626 301 1685 uitri
318 1624 409 1685 libras
429 1624 570 1705 singulas,
592 1626 709 1683 resinae
728 1624 822 1684 lrixsc
839 1634 875 1685 ÷
893 1622 942 1705 Vl,
963 1625 1086 1705 pyr-etri,

70 1714 224 1775 bituminis
251 1713 373 1793 induci,
408 1712 560 1793 sulphuris
592 1713 663 1791 vivi,
695 1710 820 1773 ellebori
851 1710 926 1793 albi,
956 1712 1088 1793 adorea,

70 1804 262 1884 stolisagriae‚
279 1804 412 1863 omnium
435 1804 604 1882 specierum
624 1798 662 1859 Vl
680 1802 785 1862 uncias
808 1799 903 1881 binos,
924 1803 1040 1881 piperis
1058 1807 1088 1861 et

71 1894 129 1955 olei
147 1894 272 1976 sicyonii
291 1894 394 1954 uncias
413 1899 581 1971 quaternos.
612 1891 743 1969 peractis
756 1907 828 1949 vero
846 1888 988 1969 dropscis
1003 1891 1086 1969 qoin-

31 1994 58 2033 20
72 2000 129 2061 quc
158 1984 264 2045 diebus
291 1985 322 2044 in
349 1982 464 2043 lavacro
493 1986 688 2061 sympssmote
717 1979 812 2039 uteris
839 1976 921 2057 quod
948 1978 1088 2039 conficies

144 2137 314 2189 itandis,
387 2134 487 2197 liduit
502 2173 508 2184 .
524 2174 530 2186 .
546 2174 553 2185 .
567 2131 666 2201 liquid'
675 2149 706 2202 p.
778 2128 968 2201 lupercisp
993 2146 1089 2201 asper-

91 2204 116 2257 is
134 2221 155 2257 c.
228 2203 287 2255 leni
316 2218 370 2255 rc.
444 2200 540 2268 coquis
559 2218 582 2257 c.
670 2206 725 2258 ot.
745 2200 812 2257 sinis
829 2218 876 2272 pp,
894 2172 1047 2273 tepebunt
1064 2216 1088 2257 c.

71 2222 137 2325 buis
163 2287 223 2353 ppo.
316 2276 330 2324 7
360 2270 486 2341 conligat
510 2276 574 2325 ante
596 2288 666 2329 corr,
684 2291 710 2344 9.
801 2276 896 2327 cutem
918 2270 1090 2329 influenter

72 2341 173 2411 stringi
191 2360 212 2395 s.
232 2358 254 2395 c.
327 2347 466 2411 8rspore
485 2358 507 2397 c.
581 2342 736 2413 tecperint
753 2362 783 2415 ps
802 2343 911 2412 ceperit
925 2359 971 2411 pc.
1045 2342 1090 2397 sol

71 2412 190 2466 linteolo
208 2427 293 2481 supro
308 2428 337 2481 p.
411 2418 445 2467 10
464 2412 643 2469 cstefiicsbis
656 2416 686 2482 (t)
699 2430 744 2486 pc:
763 2412 984 2484 cstsplssmsbis
1002 2414 1091 2483 (osb-

71 2481 173 2605 plv'cb’)¹
183 2500 213 2551 pc
304 2482 442 2538 levaveris
455 2501 486 2554 p.
579 2491 610 2538 11
632 2485 779 2567 cenisbror
797 2492 828 2567 pf
846 2500 985 2567 snprosn.
1004 2484 1089 2568 chiis

72 2553 258 2707 sllllbllnlbo
275 2560 776 2696 sehszepffiegfiesmpmggzpem
789 2573 840 2695 illl.
862 2555 1089 2683 sonpsspdoiffi

72 2695 272 2765 ppc(drm1ttrs
291 2695 458 2751 descendere
476 2700 511 2765 c).
584 2698 649 2767 posi
666 2714 694 2751 c:
713 2714 764 2766 per
781 2714 826 2769 pp.
898 2696 935 2751 sd
952 2714 984 2768 p:
1002 2712 1090 2767 usque

72 2766 108 2822 ad
124 2783 168 2837 pc.
263 2772 295 2821 14
313 2784 428 2823 numero
445 2785 491 2839 pe:
510 2784 560 2823 orn.
577 2784 606 2837 p.
700 2770 846 2838 tropscem
866 2784 889 2822 c.
981 2766 989 2779 ’
1067 2766 1074 2780 ‘

72 2855 132 2908 ppc.
206 2845 239 2893 15
258 2838 386 2909 dropacis
404 2856 454 2895 om.
475 2857 496 2895 c.
569 2838 696 2895 ostiolis
715 2856 737 2893 c.
811 2845 843 2893 16
863 2837 975 2907 pituino
993 2868 1028 2879 -
1046 2854 1089 2893 rs-

74 2910 132 2965 sine
152 2927 202 2965 om.
222 2928 244 2966 c.
282 2912 382 2966 obitirw
399 2912 457 2965 nisi
474 2911 561 2980 plone
582 2926 633 2965 reos
650 2910 741 2977 deficit
759 2910 816 2964 cori⁴
834 2927 866 2979 p,
885 2926 956 2978 punc
972 2908 1089 2979 exempli

74 2996 160 3034 causo
182 2983 319 3051 adscripsi
345 2984 416 3037 vitio
443 2982 566 3037 codicum
588 2998 636 3051 cp,
657 2986 690 3034 ut
711 2986 777 3035 senet
798 2980 1017 3035 irmnmcrobslio
1042 2994 1089 3035 ssc-

73 3050 154 3117 ptest.
242 3057 273 3107 17
294 3052 409 3107 odsrces
425 3068 478 3122 ppc
496 3051 593 3120 (ursini
609 3051 734 3106 testiculi
751 3067 840 3119 snpra
856 3066 908 3105 scr.
927 3054 977 3121 ψ).
1055 3054 1088 3104 18

75 3120 200 3173 omnium
219 3153 252 3161 -
271 3121 489 3189 unciosorrt.p,
508 3122 653 3190 quilebet
670 3120 749 3191 agris
768 3126 803 3175 sir
821 3124 848 3188 ἢ
866 3120 926 3193 <VI
944 3122 1009 3177 odd.
1024 3120 1088 3245 μὲ.

75 3190 113 3243 VI
132 3207 158 3244 cz
182 3196 290 3260 septem
313 3211 338 3263 p.
431 3196 464 3245 19
483 3190 603 3246 sicionii:
632 3208 667 3246 ex
689 3190 844 3245 cucumeris
871 3191 1031 3261 agrestibus
1076 3192 1091 3245 i

74 3276 212 3327 suprascr.
231 3270 268 3331 9⁰.
377 3268 412 3316 ‘20
431 3268 443 3315 i
460 3262 573 3316 lavacro
588 3278 639 3330 pc:
664 3261 809 3317 bilsvscro
828 3264 888 3331 (sic)
907 3280 932 3333 9.
1024 3262 1090 3318 sim·

74 3346 173 3397 poema
190 3347 235 3453 pter
254 3331 435 3400 sinplssmsie
449 3348 480 3401 p.
553 3332 626 3399 qood
641 3348 664 3401 p
684 3334 751 3402 (οὓς
775 3348 860 3402 quom
877 3350 903 3403 p.
977 3330 1090 3388 conficis

74 3417 289 3469 pc‚-c1urp.
