2452 3840
448 159 689 225 -155-

148 305 235 367 aliud,
277 306 379 385 opium
407 312 491 366 aceto
518 302 683 365 resolutum
707 308 738 364 et
765 303 857 364 lronti
879 302 1018 364 illinitum
1042 313 1072 365 et

60 393 182 457 naribus
205 396 373 474 appositum
396 411 534 454 somnum
556 393 634 453 iacit.
671 400 722 452 aut
743 399 824 453 certe
848 393 947 470 ipsum
970 394 1072 471 opium

59 483 168 544 floeulo
195 482 344 543 inclusum
371 490 402 543 et
428 481 477 542 filo
504 481 626 560 ligatum
660 478 758 559 pollici
790 482 908 561 inicies,
940 489 971 542 et
1002 498 1071 542 cum

58 573 190 652 soporati
211 572 324 632 luerint
347 569 493 632 detrahes.

147 668 333 739 unguentum
352 658 551 738 soporiferum
568 658 722 718 irenetiois
741 659 928 718 conveniens.
963 657 1097 738 oodyas⁵
1177 736 1178 739 Ἴ

59 749 89 808 id
109 756 156 809 est
173 749 326 828 papaveris
345 748 471 827 agrestis
490 745 637 826 capitella,
662 744 828 825 serpillum,
847 743 973 807 hederae
993 746 1070 827 lolia,

59 831 241 916 oa'storeum,
268 837 367 896 omnia
389 835 444 896 llll
470 837 501 896 in
526 852 600 914 aqua
624 845 654 895 et
681 831 747 893 oleo
760 832 925 911 'decoques
947 843 978 896 et
1005 837 1069 914 ipso

58 925 124 985 oleo
147 926 250 986 uteris.
711 994 713 998 ¹

146 1012 234 1074 aliud.
275 1012 403 1073 hederae
430 1012 515 1085 lolia,
543 1009 734 1072 chamaemeli
756 1010 860 1090 flores,
887 1009 1069 1089 spondylion,

58 1101 226 1182 herpyllon,
253 1099 376 1161 herbam
403 1101 557 1180 papaveris
583 1098 708 1172 heulini,
736 1097 940 1179 sisymbrium,
971 1100 1109 1159 omnia1⁰

60 1209 112 1250 sex
140 1188 228 1250 simul
255 1191 287 1250 in
314 1207 390 1269 aqua
418 1196 448 1249 et
474 1187 540 1248 oleo
568 1186 690 1248 decocta
718 1197 748 1248 et
780 1188 886 1266 capitis
913 1187 989 1247 iotni
1020 1186 1070 1248 ad·

58 1277 150 1339 hibita
173 1278 303 1339 dormire
327 1278 440 1338 iaciunt
462 1277 632 1338 freneticos.

266 1462 271 1469 '
345 1454 444 1516 LXlll.
481 1453 529 1515 Ad
552 1453 782 1533 lethargicos.

145 1578 314 1659 Lethargioi
336 1578 476 1641 dicuutur
502 1580 523 1639 ii
552 1581 603 1658 qui
626 1577 763 1638 sensibus
787 1578 901 1640 obtusis
925 1596 994 1638 oum
1018 1575 1068 1638 ob·

57 1667 164 1728 livione
201 1669 310 1728 mentis
346 1675 432 1730 acuta
468 1666 551 1728 febre
588 1646 744 1744 iaetantn'r.
795 1668 932 1746 sequitur
968 1674 1108 1727 autem1⁵

56 1758 204 1835 patientes
223 1764 257 1817 ut
276 1756 512 1837 supradiximus
531 1749 623 1816 febris
642 1763 742 1834 aurita,
766 1773 907 1816 sensuum
926 1772 1068 1833 pressura

57 1860 161 1904 somno
185 1843 303 1924 similis,
326 1841 551 1922 insensibilitas,
580 1850 679 1903 motus
707 1841 871 1904 difficultas,
888 1860 956 1902 eum
979 1841 1067 1921 pulsu

57 1933 169 1991 extanti
192 1939 223 1991 et
244 1933 333 1990 inani.
366 1939 396 1992 et
414 1931 559 2009 contingit
581 1930 755 2008 frequenter
778 1927 850 1990 baec
873 1931 971 2009 passio
991 1932 1067 1990 seni-

55 2017 113 2079 bus
136 2020 228 2098 magis
252 2025 347 2080 aetate
370 2035 459 2098 quam
480 2015 652 2098 iuvenibus,
674 2024 809 2096 tempore
832 2017 952 2079 vernali.

144 2109 176 2168 in
208 2105 412 2168 curationibus
450 2123 519 2166 uero
556 2107 695 2186 primitus
732 2107 810 2167 sicut
846 2108 877 2165 in
914 2106 1067 2168 frenetieis
1081 2120 1108 2160 2⁰

56 2194 209 2256 scarilabis
242 2203 293 2256 aut
325 2196 433 2257 acriori
465 2194 591 2275 clystere
624 2192 780 2255 evacuabis
812 2202 843 2255 et
877 2204 966 2273 eaput
997 2213 1066 2274 oxy·

129 2460 143 2508 1
163 2455 286 2510 solutum
304 2471 326 2510 e.
417 2457 447 2510 el
465 2484 498 2494 -
517 2455 556 2522 (2)
574 2452 645 2508 leoli
666 2469 717 2508 om.
736 2470 758 2508 e.
849 2459 865 2508 3
889 2454 1021 2508 floeulum
1044 2471 1066 2521 e,

54 2524 219 2595 follicl'mp
238 2525 391 2595 (-1'op⁰).
472 2527 501 2580 el
514 2541 549 2594 p:
569 2539 588 2578 a.
604 2541 627 2579 c.
698 2523 793 2579 inities
807 2539 838 2594 p.
910 2525 1025 2597 lopati
1044 2543 1066 2593 c,

56 2595 183 2666 sepelip
202 2596 305 2668 (sepeli
318 2601 373 2666 ρο).
462 2595 557 2651 trahes
571 2611 602 2664 p.
693 2594 837 2651 bcodius:
859 2597 900 2651 eie
918 2613 958 2664 ep.
1050 2603 1066 2651 6

56 2666 181 2736 capitula
194 2684 225 2736 p.
317 2672 332 2720 '1
352 2683 448 2721 omnes
465 2665 519 2720 1111
536 2667 599 2733 (sie)
619 2682 647 2733 e,
664 2681 716 2720 om.
729 2683 760 2736 p.
851 2673 867 2721 9
886 2666 956 2720 solie
973 2682 1025 2722 out.
1043 2683 1065 2722 c.

56 2738 204 2792 oumemoli
217 2754 249 2807 p,
269 2735 446 2792 camamelini
465 2753 487 2791 e.
560 2735 693 2806 spondilii
711 2736 863 2806 heripilion
876 2753 898 2802 c,
917 2736 1066 2806 spondilio.

54 2824 177 2895 serpillo.
192 2842 223 2894 p.
333 2830 366 2878 to
385 2824 470 2879 orlini
484 2840 511 2892 e,
532 2826 607 2880 orlifi
621 2840 652 2892 p.
761 2822 894 2878 sisimbrii
912 2838 945 2891 ος
958 2811 1021 2879 -b¹
1034 2843 1065 2895 p.

56 2912 152 2950 omues
174 2895 221 2949 Vl.
255 2895 280 2949 si
301 2893 332 2950 in
354 2911 430 2964 aque
447 2897 477 2950 el
495 2911 520 2950 o.
539 2911 567 2964 o,
591 2892 692 2950 Omnia
711 2893 795 2948 simul
817 2895 847 2948 in
866 2895 928 2949 oleo
947 2897 977 2950 el
994 2912 1018 2952 a
1034 2914 1064 2966 p.

56 2991 88 3038 11
114 2982 216 3053 eapitis
233 2964 314 3054 potui
327 3000 363 3052 p:
383 2982 470 3052 copiti
488 2982 582 3037 locum
601 2999 622 3038 e.
706 2987 737 3036 12
757 2981 826 3037 fucit
844 2999 885 3051 cp.
970 2989 1003 3038 13
1021 2985 1065 3039 Ad

54 3054 199 3136 liturgicos
223 3070 248 3109 o:
271 3053 314 3108 De
336 3053 452 3124 liturgia
469 3068 500 3135 p.
609 3059 643 3111 1t
661 3052 797 3122 liturgici
817 3055 869 3122 (cie
886 3059 999 3124 seraper)
1023 3072 1064 3125 cp.

54 3124 89 3179 ii:
107 3125 150 3180 lui
167 3142 194 3194 e,
213 3124 257 3180 his
270 3142 301 3195 p.
392 3126 500 3180 obtusus
518 3139 545 3191 o,
564 3123 672 3194 optusis
686 3141 717 3193 p.
796 3130 829 3179 15
848 3126 929 3180 seule
946 3125 1024 3181 febre
1042 3142 1064 3192 c,

55 3197 139 3250 acula
156 3196 230 3251 febri
243 3213 274 3265 p.
366 3201 399 3250 16
422 3200 523 3250 sensuit
547 3212 573 3250 e:
597 3200 699 3250 sensus
708 3211 740 3264 p.
832 3200 864 3249 18
890 3195 968 3251 inani
985 3213 1000 3251 c
1016 3198 1064 3264 (cf.

56 3265 128 3321 (lael.
142 3267 178 3322 A.
192 3276 236 3323 om
251 3273 283 3334 2,
300 3268 340 3336 3):
359 3265 444 3320 maioi
461 3266 524 3335 (eie)
537 3283 568 3335 p.
641 3268 670 3320 el
688 3281 739 3321 om.
749 3282 780 3334 p.
853 3267 1020 3338 contingunt
1033 3284 1064 3350 p.

56 3343 89 3391 19
108 3338 217 3393 vernuli
234 3355 261 3394 c:
279 3354 366 3393 verno
380 3355 411 3407 p.
483 3342 518 3392 20
537 3335 695 3393 Curationis
713 3336 843 3406 primitus
862 3353 885 3404 e,
904 3336 1063 3394 Curatioms

54 3423 122 3462 vero
141 3408 292 3477 primordio
307 3425 337 3477 p.
410 3413 444 3462 21
464 3406 633 3463 scarifieebis
651 3424 692 3478 op.
766 3410 817 3463 aul
833 3423 888 3464 otu.
905 3425 932 3464 e.
