2436 3816
522 148 764 214 „150-

134 296 223 357 modo
260 293 447 375 temperabis.
501 303 532 354 et
569 296 595 354 si
627 303 731 356 venter
766 311 828 353 uon
865 291 988 374 iecerit,
1025 295 1149 376 clystere

135 384 328 445 deducendus
354 383 413 444 erit
440 400 475 442 ex
508 381 681 444 decoctione
715 380 850 443 cantabri
877 387 932 442 aut
964 381 1054 445 betae
1086 404 1149 447 eum

120 472 200 551 ,oleo
224 482 255 534 et
276 472 420 532 afronitro
444 478 475 532 et
497 470 583 532 melle
606 470 731 533 modico.

224 560 299 620 alius
335 559 445 640 clyster
483 559 662 640 lexipyretos
702 561 883 621 couveniens
920 562 1054 623 maxime
1087 573 1149 642 post

108 651 351 730 ⁵deposilionem
374 650 495 710 ventris.
532 667 637 710 sucum
659 650 793 728 ptisanae
812 656 843 708 el
864 646 1085 733 balsemium,
1106 654 1148 711 orl

135 738 220 799 crudi
240 737 379 819 medium,
398 737 456 798 olei
470 740 583 798 rosacei
602 744 632 798 et
650 730 874 798 chamaemelini
887 735 971 815 quod
989 739 1149 802 suffecerit

134 826 297 906 posthaec
320 826 442 888 humido
466 833 496 887 et
519 825 625 904 frigido
649 824 717 886 cibo
741 824 873 905 reficies,
897 824 928 885 id
951 834 1001 888 est
1023 826 1147 891 lactuca·

134 934 200 976 rum
230 919 391 977 murturias
420 914 541 975 elixatos
569 922 599 974 et
635 914 758 993 frigidas
784 930 854 973 cum
881 912 1003 975 modico
1031 916 1094 978 sale
1121 928 1147 978 el

135 1006 296 1066 cisternina
320 1022 394 1083 aqua
418 1011 448 1065 et
470 1003 536 1063 oleo
560 1020 652 1082 spano
675 1009 705 1063 et
727 1010 811 1063 aceto
834 1003 866 1061 in
889 999 958 1061 cibo
982 1003 1079 1086 dabis,
1100 1014 1147 1066 aul

94 1105 120 1145 10
134 1093 321 1155 cucurbitam
338 1095 462 1154 incisam
480 1108 550 1153 cum
568 1109 623 1153 suo
642 1092 723 1152 corio
743 1090 880 1151 elixatam
898 1090 1039 1152 similiter
1057 1092 1147 1173 dabis,

134 1184 160 1241 si
188 1190 286 1243 tamen
315 1183 404 1242 nimia
433 1182 524 1241 luerit
552 1181 625 1241 sitis.
667 1181 693 1240 si
719 1195 790 1240 vero
813 1178 879 1239 silis
901 1180 1028 1241 minime
1051 1181 1147 1263 luerit,

134 1288 194 1330 nou
217 1269 332 1348 frigidis
355 1270 407 1330 sed
430 1268 560 1329 humidis
583 1276 697 1330 tantum
716 1266 792 1329 cibis
814 1268 944 1347 nutries,
967 1268 1000 1329 id
1019 1278 1069 1332 est
1086 1289 1145 1333 eor·

134 1355 242 1417 bilibus
265 1356 357 1417 multa
380 1374 455 1434 aqua
478 1356 596 1433 solutis,
622 1364 655 1418 ut
677 1363 747 1419 sunt
769 1356 917 1435 ptisanae,
940 1373 997 1417 ova
1020 1358 1146 1441 sorbilir,

134 1446 226 1505 micae
249 1447 334 1523 panis
357 1444 514 1524 diligenter
533 1444 629 1505 elutae
648 1454 679 1506 et
697 1454 796 1506 cetera
819 1461 896 1523 quae
919 1445 951 1505 in
975 1445 1145 1509 sorbitioni·

93 1545 119 1585 1⁵
132 1532 190 1594 bus
213 1532 348 1594 similiter
371 1535 567 1612 accipiuntur.

221 1620 338 1682 alimum
356 1621 541 1701 lexipyreton
559 1620 589 1680 id
612 1629 658 1681 est
679 1623 836 1700 perunctio
856 1619 892 1682 ad
911 1621 1015 1683 lebres
1029 1627 1144 1686 aestatis

133 1717 279 1791 tempore,
307 1712 333 1771 si
360 1727 448 1789 aeger
475 1711 567 1770 nimio
595 1707 724 1769 lebrium
752 1718 836 1771 aestu
866 1708 974 1772 bullire
1006 1714 1145 1793 weperit,

133 1807 163 1861 et
185 1802 278 1879 magis
301 1801 332 1860 in
355 1806 451 1861 aetate
474 1799 610 1860 ferventi.
646 1797 832 1860 cucurbitam
855 1797 981 1860 viridem
1006 1800 1095 1863 rades
1114 1809 1143 1863 el

133 1891 198 1950 eius
226 1890 370 1950 corticem
397 1890 547 1969 exprimes
577 1895 608 1948 et
634 1886 779 1966 adiunges
806 1904 912 1948 sucum
940 1905 1016 1949 uvae
1047 1891 1144 1951 imma·

93 1990 119 2030 20
132 1984 217 2039 turae
250 1987 280 2038 et
312 1986 429 2039 acetum
461 1976 609 2039 excellens
641 1984 672 2037 et
702 1975 801 2037 oleum
837 1992 994 2036 rosaceum
1034 1976 1144 2058 aequali

205 2225 217 2272 1
239 2220 336 2273 venter
354 2234 411 2272 non
428 2216 528 2271 fecerit
541 2234 577 2286 p:
596 2218 722 2272 ventrem
739 2232 796 2271 non
814 2216 933 2271 iecerint
946 2234 969 2275 e.
1043 2218 1143 2276 clieteri

133 2291 289 2358 (utsupra)
308 2306 330 2344 c.
421 2294 439 2341 4
457 2287 542 2342 Aliud
562 2304 589 2354 e,
611 2287 668 2341 aliti
683 2305 714 2357 p.
804 2287 916 2342 clistere
939 2288 1105 2360 lixoperilus
1122 2306 1144 2353 e,

132 2356 223 2413 cliste¹
240 2360 357 2429 (-tere)
375 2358 515 2429 lexprtlp
538 2358 597 2426 (ubi
619 2358 772 2441 lexperitus
794 2359 845 2414 del.
864 2359 920 2429 P⁰)·
1015 2367 1143 2417 bereum

133 2430 206 2499 (-c)
214 2444 250 2498 p:
269 2427 357 2483 Sucus
376 2445 398 2484 o.
424 2434 428 2443 '
470 2427 583 2498 ptissne
594 2444 630 2498 p:
653 2430 765 2497 trpsane
784 2447 805 2485 e,
878 2436 894 2484 6
910 2431 1103 2487 camomellini
1115 2446 1144 2501 p,

132 2498 248 2554 calnolli
266 2499 328 2567 (oie)
347 2515 369 2554 c.
460 2498 542 2554 suffio
560 2515 586 2567 c,
606 2495 701 2557 suffici
718 2500 849 2569 (-eitur)
863 2517 894 2569 p.
988 2501 1088 2558 lesbo
1104 2517 1144 2557 re·

131 2569 207 2625 ficies
227 2585 252 2624 e:
272 2568 334 2624 cibo
354 2571 383 2623 et
400 2568 505 2640 frigido
522 2569 604 2640 potui
621 2570 698 2626 refici
711 2588 742 2640 p.
825 2570 951 2626 lactucas
969 2588 1081 2629 mamas
1097 2572 1144 2628 eli·

132 2662 212 2715 xatas
231 2676 258 2729 e,
276 2659 450 2713 lactucarum
468 2657 628 2714 moturiries
647 2660 711 2728 (eie,
733 2659 766 2715 in
783 2676 870 2731 moro.
885 2666 921 2729 1²⁰
939 2666 952 2714 i
970 2655 988 2714 d
1007 2640 1143 2719 mdrurm

132 2738 252 2823 {luerim
272 2765 293 2818 p
316 2748 363 2820 (ef.
384 2748 505 2804 Phellon.
529 2764 573 2817 ap.
597 2746 658 2805 Aet.
678 2754 708 2814 b,
728 2753 761 2804 78
786 2752 903 2811 καυλοῖς
921 2744 1075 2817 θριδάκια
1093 2746 1143 2806 rix·

133 2821 292 2892 εζεσμένοις
310 2815 372 2891 μετ’
393 2814 551 2888 diocesim
569 2813 714 2888 ὑδαροῦς),
799 2825 922 2889 bspeno
939 2835 983 2889 cp.
1066 2828 1100 2877 1⁰
1116 2822 1144 2875 ei

133 2893 219 2962 (elix.)
237 2909 260 2949 e.
352 2898 385 2947 11
405 2891 573 2964 Stifiein.
593 2891 714 2960 e,eitfi
730 2909 757 2945 n.
772 2908 803 2961 p,
875 2896 962 2945 mlme
979 2888 1142 2962 uilfuen'i

131 2981 188 3017 non
206 2964 239 3019 fr.
259 2980 286 3032 e,
309 2963 424 3018 minime
442 2962 563 3035 fueritrjr
586 2978 643 3017 non
665 2962 736 3031 inp
762 2963 837 3032 (fort.
855 2976 906 3017 aer.
926 2959 1044 3019 minime
1061 2961 1143 3018 luerit

132 3038 200 3089 nata
218 3051 274 3090 non
291 3033 345 3103 fr).
420 3039 452 3087 12
470 3034 593 3088 tentum:
612 3034 654 3087 tffi
673 3050 695 3102 e¹
713 3035 746 3088 tri
764 3033 880 3103 (maren)
890 3048 921 3100 p.
995 3033 1086 3089 nubis
1102 3047 1141 3103 cp.

135 3111 166 3158 13
186 3107 219 3159 ul
237 3106 312 3160 sunt:
330 3105 349 3159 i,
369 3105 408 3172 (id
427 3105 481 3173 eet)
499 3119 540 3171 cp.
613 3102 716 3172 ptisine
728 3121 760 3173 p,
777 3104 888 3173 tipeene
907 3120 930 3157 e.
1005 3110 1040 3159 14
1057 3102 1142 3159 micae

132 3193 154 3242 c,
173 3175 272 3231 micres
286 3192 317 3245 p.
391 3175 481 3230 elotae
499 3189 541 3242 ep.
616 3177 648 3227 lo
669 3173 852 3245 accipiunto.
926 3175 1141 3237 melimine,

132 3246 216 3317 Allia
234 3265 275 3333 (ig
288 3265 334 3334 ρο)
349 3280 380 3333 p.
462 3261 629 3332 lexipcrIton
648 3279 689 3331 ep.
779 3261 872 3317 febres
889 3280 916 3329 e,
935 3261 989 3318 ieb'
1005 3280 1037 3333 p,
1110 3268 1141 3317 18

131 3334 223 3415 magis
237 3352 272 3402 p:
291 3335 413 3389 maxime
431 3350 454 3390 e.
533 3331 659 3388 fervente
677 3349 699 3388 e.
772 3332 847 3387 radis
860 3350 896 3402 p,
914 3333 995 3389 radix
1014 3351 1037 3390 e.
1111 3338 1141 3389 rt

132 3405 264 3474 exprimis
283 3421 323 3473 cp.
396 3403 525 3475 adiungis
539 3418 575 3473 p,
592 3402 736 3475 edunguce
754 3420 777 3459 e.
