2436 3816
519 119 762 183 ,146..

130 270 160 329 id
191 278 238 329 est
267 268 447 346 dimissoria,
479 274 599 344 oportet
629 265 794 344 cumprime
821 272 981 345 agrotum
1009 265 1142 348 pdrelaeo

130 357 226 418 calido
252 363 432 436 perunctum
460 353 558 414 lavare
585 351 719 414 calidiori
744 350 862 413 lavacro
891 371 930 415 ex
958 373 1038 435 aqna
1069 356 1142 420 dulei

129 454 317 526 praeparato,
350 452 381 503 et
412 445 538 503 maxime
569 441 636 502 illos
665 440 850 502 lavacrorum
881 450 1049 526 amatores,
1073 464 1142 525 quus

130 533 236 595 Graeci
266 531 468 592 fllolutruutas
498 530 656 611 appellant
700 538 732 591 et
761 538 923 609 postquam
954 532 1142 597 calidioribus

103 622 214 684 scottis
232 638 373 700 egressus
391 620 493 701 luerit,
509 622 541 681 in
559 620 704 698 piscinam
721 616 906 680 descendere
922 619 1027 684 ficies
1060 626 1141 685 et'nm

130 720 161 770 et
183 712 285 770 urinas
304 709 431 790 simplici
450 710 611 788 apozimate
634 705 809 787 provocabis
827 724 865 767 ex
886 707 1068 772 decoctione
1089 714 1140 793 spii

130 809 161 859 et
194 801 287 880 aneti,
318 816 378 878 quo
410 800 505 877 possit
535 796 645 856 humor
676 795 725 856 ille
752 794 864 857 lellitus
887 814 945 876 per
970 801 1078 861 urinas
1097 800 1141 863 de

130 889 261 968 purgari.
296 890 366 948 vino
388 904 459 947 vero
481 894 641 964 antequam
659 866 943 965 aegriffld'pepsm
967 887 1060 950 facist
1079 906 1140 969 pro

131 975 256 1038 hibebis.
292 983 449 1056 postquam
472 991 543 1034 vero
566 973 672 1034 lecerit
694 974 813 1053 pepsin,
835 980 927 1034 mnne
949 983 984 1037 et
1006 985 1141 1057 mustum

91 1082 118 1120 ιο
132 1066 287 1127 concedes.
329 1073 361 1125 et·
382 1063 507 1124 mulsam
534 1059 671 1141 frigidam
694 1058 751 1121 aulo
776 1060 851 1121 hora
873 1066 1059 1127 memnonis
1079 1074 1142 1147 post

131 1157 257 1234 primam
284 1152 440 1232 periodum
467 1153 552 1232 potui
578 1148 675 1231 dabis,
703 1151 844 1229 quoniam
869 1149 911 1210 lel
937 1150 1084 1237 micum,
1107 1172 1140 1216 er

132 1261 191 1321 quo
224 1260 312 1302 causa
344 1249 494 1321 moretur,
526 1258 618 1320 super
649 1256 753 1299 omnes
783 1237 927 1300 humores
958 1242 993 1302 in
1021 1260 1140 1323 corpore

131 1333 209 1390 sicca
233 1339 263 1389 et
285 1347 383 1389 amara
407 1331 515 1389 virtute
538 1330 630 1408 riget,
652 1325 779 1406 ideoque
797 1335 942 1407 utsupra
964 1329 1082 1392 dictum
1100 1340 1141 1393 est

131 1425 336 1496 competenter
366 1415 565 1477 humectando
598 1426 628 1477 et
659 1414 863 1495 rolrigcrando
896 1425 927 1477 et
958 1416 1140 1481 obdulctndo

91 1520 117 1560 m
131 1504 257 1567 sanabis.
299 1506 342 1565 sic
370 1507 450 1566 enim
477 1507 575 1566 omnia
603 1506 761 1565 contrariis
787 1503 845 1566 sibi
870 1503 965 1566 rebus
993 1517 1139 1570 curantur.

220 1594 345 1673 lyricum
364 1593 400 1653 ad
419 1602 522 1673 typum
541 1595 710 1654 tertianum.
746 1591 895 1653 coriandri
912 1596 1040 1657 seminis
1057 1613 1139 1677 grana

131 1682 171 1743 ΙΙΙ
195 1690 263 1762 post
286 1683 405 1742 tertiam
428 1681 474 1741 vel
497 1688 633 1761 quartam
655 1680 812 1759 periodum
836 1679 921 1742 dabis
943 1685 1139 1747 nesciendiu

131 1790 186 1831 ovo
202 1769 348 1832 sorbenda
362 1779 430 1831 ante
450 1769 520 1831 solis
538 1778 638 1830 ortum
657 1778 724 1830 ante
743 1771 956 1851 accessionem,
974 1780 1007 1833 et
1021 1771 1139 1835 sanabit

186 1947 284 2009 LVlll.
321 1948 368 2010 td
393 1958 514 2029 typum
537 1949 734 2009 tertianum
758 1964 826 2008 non
850 1948 1092 2012 manifestum.

92 2090 118 2126 oo
221 2073 287 2133 Non
306 2073 481 2134 manllcstus
500 2075 645 2133 tertianus
663 2090 679 2131 a
698 2069 819 2131 Graecis
838 2070 949 2132 nothus
972 2074 1138 2154 appellatur.

133 2159 180 2221 hic
197 2170 284 2240 typus
299 2159 437 2222 sordidus
451 2160 599 2221 aGraecis
615 2177 738 2240 ryparos
752 2157 915 2239 appellatus
925 2160 982 2221 sub
999 2162 1139 2242 frigidiori

206 2371 218 2417 1
235 2371 269 2426 03
282 2370 316 2418 cir
329 2348 395 2433 pme
412 2368 540 2436 egrotum
554 2381 577 2432 c,
596 2366 709 2455 oportet
722 2368 850 2436 egrotum
864 2365 956 2436 primo
969 2383 1001 2436 p.
1074 2367 1139 2423 idre»

132 2436 196 2488 leon
220 2434 342 2489 calidum
367 2453 392 2504 c,
420 2436 535 2506 ydroloe
560 2435 653 2506 (-lo)
676 2436 768 2492 calido
786 2454 817 2506 p.
926 2443 942 2492 3
971 2440 1093 2509 pptruto
1115 2454 1139 2494 c:

133 2524 288 2592 temperato
302 2540 332 2592 p.
407 2515 595 2580 tfilolutm'rtl
606 2541 646 2594 p,
664 2524 857 2581 filolutimidos
874 2542 889 2580 c
906 2524 983 2593 (Gal.
1005 2526 1071 2596 XI,
1089 2528 1139 2595 34).

132 2593 196 2648 bin
214 2608 264 2649 om.
284 2609 325 2663 ep.
401 2594 472 2650 ineis
491 2610 532 2665 ep.
609 2595 696 2650 etism
714 2626 749 2636 -
767 2596 934 2666 provocabis
952 2613 1005 2655 orn.
1024 2615 1047 2656 c.
1126 2602 1139 2651 t

132 2664 301 2734 eilande,
325 2667 453 2733 aeanp
472 2666 675 2736 (otanotipd).
766 2667 841 2737 quod
860 2684 891 2736 p.
982 2669 1080 2725 rinmu
1102 2684 1185 2739 op..

131 2737 225 2792 urinas
244 2752 270 2792 c:
290 2753 391 2792 -nsm
405 2755 435 2808 p.
544 2737 706 2809 dopurgcrie
732 2738 880 2821 provocari
897 2739 958 2808 (sic)
978 2756 1020 2809 cp.
1125 2742 1141 2792 8

132 2808 230 2934 pepsin
249 2814 295 2878 φῦ
313 2811 385 2880 (pest
404 2813 469 2865 arete
487 2825 555 2865 corr.
570 2811 612 2881 p).
683 2807 816 2878 lccmipc
835 2808 905 2864 lucit
918 2826 940 2864 c.
1014 2809 1141 2881 ipoptin

144 2880 230 2935 ecorit
244 2897 273 2949 p.
348 2886 380 2935 11
399 2882 521 2951 primum
535 2898 577 2951 cp.
650 2880 781 2951 quonium
792 2897 827 2949 p:
846 2887 903 2950 qui.
916 2897 938 2935 c.
1014 2886 1047 2937 12
1061 2895 1142 2937 const

133 2953 187 3019 (cit)
206 2968 247 3020 ep.
320 2957 354 3005 13
372 2954 406 3006 ut
424 2983 456 2992 -
478 2955 534 3021 (lt)
552 2951 743 3023 refrigerando
762 2968 788 3006 c:
808 2967 858 3005 om.
869 2967 900 3019 p.
975 2957 1008 3007 tt
1025 2952 1140 3008 urcium

132 3021 175 3076 vel
197 3023 328 3090 quartum
347 3038 373 3077 c:
392 3022 440 3076 ΙΙΙ.
459 3022 506 3077 vol
525 3022 593 3078 illl.
607 3037 639 3092 p.
710 3021 741 3076 in
757 3038 840 3076 ovnrn
854 3023 918 3090 (ovo
934 3024 958 3091 c)
976 3023 1141 3079 sorbendum

134 3091 218 3160 (-d')
232 3110 262 3161 p.
338 3096 527 3149 lusorium
544 3092 611 3148 solis
624 3109 655 3163 p.
727 3094 932 3162 cnoelaccw:
951 3095 1037 3149 autc.
1110 3097 1140 3147 tt

132 3162 173 3216 De
193 3181 247 3217 non
266 3162 414 3218 manifesto
431 3163 555 3219 ommno
568 3180 591 3232 p
610 3165 652 3233 (in
670 3178 722 3234 qno
740 3168 831 3218 damen
844 3164 915 3219 male
932 3165 1068 3221 concedet
1084 3180 1139 3235 cop.

132 3232 191 3298 „De
210 3236 278 3303 typo
297 3233 503 3303 quotidiano“),
526 3234 571 3288 Ad
594 3234 686 3304 tipum
707 3235 859 3289 tortiunum
881 3251 939 3291 non
963 3233 1140 3291 mnniloetum

131 3304 189 3356 ind.
215 3320 229 3357 c
253 3307 289 3369 (et
308 3308 354 3373 ωε
380 3304 428 3374 dd
450 3306 567 3360 notham
590 3304 742 3361 tercianam
766 3321 788 3359 c.
906 3311 938 3359 21
968 3304 1078 3376 ripcros
1103 3320 1140 3375 cp

130 3373 290 3440 appellatur
308 3391 329 3428 c.
402 3375 584 3445 frigidissimo
598 3392 629 3444 p.
