2436 3816
210 222 240 278 in
259 223 331 279 solio
352 224 386 279 ut
407 225 519 293 mergat
543 230 566 278 1.
608 224 638 280 in

173 294 301 378 umpulln
324 295 431 349 minore
461 294 566 350 adicies
594 300 637 350 29.

172 383 282 436 1n1psa
305 366 468 422 decoctione
489 365 638 421 6666134.

171 437 202 492 in
215 437 306 492 tribus
320 435 448 507 pertibus
460 436 575 506 pollinis
589 438 638 492 sd·

173 509 276 564 duntur
289 514 333 563 49.
361 507 391 562 in
404 507 493 563 oculis
509 508 639 563 inciderit

174 585 218 634 29,
247 579 271 633 si
284 579 315 633 in
326 595 382 633 uno
396 578 459 634 loco
473 578 560 633 fuerit
573 596 638 635 con-

173 650 243 704 fixus
257 646 337 704 dolor
351 656 393 705 21.
419 651 449 704 in
463 650 563 706 eodem
576 650 639 706 loco

176 719 349 776 cucurbitam
367 721 437 791 figes
457 727 499 777 21.
534 722 638 790 inquo

172 791 289 846 linteolo
314 792 499 862 sanguisugas
518 792 638 862 proicies

173 868 216 917 21.
253 864 410 919 membrum
438 864 547 932 inquo
572 863 638 918 tulis

172 934 314 990 influxerit
331 935 445 1004 sanguis
464 940 506 988 22.
544 934 574 987 in
587 934 638 988 hu·

172 1021 249 1060 more
268 1005 418 1074 purulento
434 1021 582 1060 conversus
604 1011 638 1059 26

172 1076 284 1143 (moscin
298 1077 436 1132 caniciem
448 1076 573 1131 converti
582 1077 637 1144 26).

172 1163 246 1215 equa
274 1148 304 1202 in
331 1147 393 1216 ipss
416 1162 537 1202 caverna
560 1148 638 1201 sudi-

172 1218 247 1272 toric
275 1219 393 1273 irruenti
424 1223 467 1272 28.
508 1218 538 1271 in
569 1218 638 1287 ipsis

173 1289 299 1342 cavernis
325 1289 499 1343 instillantur
524 1293 566 1341 28.
607 1289 638 1342 in

172 1357 286 1412 auribus
306 1358 433 1427 accipere
451 1364 494 1413 28.
527 1358 637 1412 fumum

172 1427 638 1565 sescentiens:

173 1572 197 1639 c)
220 1575 263 1624 40.
301 1569 348 1622 ovi
370 1568 467 1623 ulbum
496 1568 525 1621 in
550 1570 638 1624 oculis

172 1639 297 1695 infusum
316 1645 350 1694 29
369 1641 446 1709 (suco
469 1640 500 1695 in
522 1639 636 1694 naribus

172 1711 264 1766 infuso
279 1713 333 1780 32).
357 1711 388 1766 in
397 1711 533 1766 mortorio
546 1711 639 1767 refusa

174 1788 216 1837 76.
245 1783 336 1838 mittis
351 1782 381 1837 in
395 1783 490 1838 fistule
507 1786 599 1853 (-sm
614 1785 638 1852 c)

173 1859 215 1908 2o.
254 1854 284 1908 in
316 1853 398 1924 girba
431 1857 523 1923 (—am
551 1870 566 1908 c
594 1856 639 1923 72)

173 1923 388 1980 miniaceis
425 1925 522 1980 mittes
540 1925 571 1979 in
594 1942 638 1979 66-

175 1994 244 2050 csbo
263 1995 344 2050 fictili
358 2001 400 2051 36.
429 1997 525 2052 mittes
543 1996 638 2065 ingil-

173 2066 238 2120 lone
257 2072 300 2121 42.
328 2067 358 2121 in
374 2067 431 2121 6116
443 2066 525 2122 fictili
539 2066 639 2121 crudos

173 2136 286 2192 mittere
305 2143 348 2192 37.
381 2137 412 2192 in
430 2137 597 2208 ampullam
608 2140 639 2206 p)

173 2208 270 2262 mittes
298 2225 313 2263 6
340 2215 374 2263 61
406 2208 445 2276 (in
472 2211 565 2279 ipsam
593 2209 640 2263 de·

175 2279 331 2334 coctionem
350 2279 446 2334 mittes
466 2296 499 2348 cp
517 2284 572 2348 43).
610 2280 640 2334 in

173 2349 278 2418 frigide
305 2366 379 2418 uque
402 2349 568 2405 submissam
596 2358 638 2405 61.

174 2418 484 2545 &effigi-titi
508 2421 639 2544 1118ἵ818

227 2506 240 2543 c
373 2506 432 2544 eis
484 2533 490 2544 .
518 2509 548 2544 m
578 2509 638 2546 ems

173 2560 319 2616 reductum
336 2560 452 2629 (oleum)
471 2567 514 2617 43.
534 2567 577 2617 64.
610 2562 640 2616 in

173 2632 340 2701 ampulls(m
354 2634 388 2702 p)
413 2631 525 2703 rediges
552 2649 567 2687 c
596 2638 638 2687 67.

173 2704 203 2758 in
217 2703 344 2773 ampulla
358 2702 466 2759 minore
479 2703 584 2759 adicies
595 2709 637 2759 29.

210 2776 381 2831 accusativos
398 2776 487 2845 coitus
501 2777 534 2830 in
551 2776 640 2830 altero

174 2846 639 2987 ..1.91(

631 2959 638 2987 1

174 2987 270 3042 rarius
289 2988 322 3055 o).

156 3057 190 3113 in
217 3074 279 3114 cum
306 3075 408 3114 accuse
441 3060 580 3128 decoques
610 3061 640 3114 in

174 3145 264 3198 uqsue
278 3129 380 3185 culices
394 3132 450 3184 tres
464 3138 488 3186 9.
517 3130 547 3185 in
565 3129 639 3185 lotus

177 3200 272 3270 (super
298 3200 385 3271 lutus)
411 3201 502 3256 iecere
531 3207 573 3257 66.
609 3201 640 3256 in

175 3271 335 3328 cubiculum
366 3272 496 3342 apposita
525 3278 568 3328 64.
609 3272 639 3328 in

175 3343 307 3411 utiusque
335 3346 431 3412 partes
457 3342 580 3398 faucium
609 3359 639 3398 se

710 221 845 279 infuderit
880 230 927 281 37.
990 228 1132 290 infundes
1157 232 1177 287 ἰ

711 311 813 363 aquam
833 296 874 364 (o,
899 312 984 367 aqua
1010 305 1127 371 6616
1158 304 1178 359 i·

709 370 1179 508 61666666

709 506 899 562 militudinem
924 509 1021 569 lactis
1050 522 1087 572 12
1105 518 1180 585 (dut

710 593 811 647 scoipcr
829 578 859 633 in
877 579 1133 661 similitudinem).

692 648 737 704 in·
756 654 816 716 (sec.
835 651 877 717 9):
895 650 1142 717 mbecinimteu
1155 664 1178 715 11

711 719 893 789 (inbecillitas
918 724 982 790 41).
1010 726 1178 800 imponist

710 798 753 846 21.
768 797 803 872 ιι
822 793 932 873 (ηιμ)
955 800 992 849 ιι
1014 798 1176 883 (inponent

709 869 803 932 ipoms
817 863 872 930 21).
893 867 1175 941 impondenbmtn'tt

711 939 753 988 29.
781 933 919 1002 impedire
933 940 983 991 20.
999 945 1049 996 29.
1065 950 1114 999 33.
1138 943 1178 999 in·

710 1003 783 1074 pleri
802 1010 825 1057 1.
852 1003 978 1074 impleat
991 1014 1040 1067 66.
1073 1014 1179 1087 impes

711 1090 759 1129 sse
779 1080 812 1128 12
831 1074 991 1144 (inpressae
1012 1087 1060 1137 2'1.
1101 1084 1180 1156 inpin-

710 1144 841 1228 gucverit
868 1146 924 1214 29).
952 1149 1116 1231 ‘immisso
1146 1160 1180 1209 19.

710 1233 841 1270 immissis
874 1222 908 1270 42
940 1220 1119 1286 (inmutabit
1143 1232 1180 1280 21.

709 1285 1180 1433 iiiiiiriswinffioffmiiri’cisii

744 1428 889 1498 illigatum
908 1434 953 1484 66.
1002 1434 1094 1493 illinis
1114 1444 1137 1492 1.
1155 1442 1177 1490 4,

709 1506 734 1555 ι.
750 1505 815 1581 (1.1.
831 1506 873 1552 11.
890 1505 932 1555 12.
949 1508 1128 1577 espessa
1145 1513 1176 1563 66

708 1570 932 1724 {nuncu
942 1579 996 1726 ι.
1014 1576 1173 1703 ιιι

710 1713 822 1767 1111111166
832 1718 875 1767 36.
898 1714 1107 1775 munimentum
1118 1718 1168 1783 61).

709 1782 828 1838 irruenti
846 1789 881 1837 ns
900 1784 968 1853 (16).

692 1853 868 1909 monument
877 1854 987 1925 (nigros
1001 1859 1101 1917 dentes
1113 1859 1173 1914 den·

710 1923 856 1993 tifi'ioium)
877 1931 921 1980 32.

692 1995 886 2051 incendiosus
919 1997 1040 2065 (doloris
1072 2001 1177 2067 sensus)

711 2071 753 2120 28.
773 2066 888 2137 (fervor)
902 2072 947 2123 62.
981 2069 1072 2128 febris
1086 2073 1177 2127 incon·

712 2137 791 2191 diosc
810 2138 854 2205 (=
875 2141 984 2209 onusos)
1004 2148 1049 2197 61.

694 2207 869 2263 incensoria
887 2209 999 2280 (virtus)
1020 2218 1063 2269 16.

693 2277 886 2334 incessabilis
905 2280 1017 2350 (fluxus)
1035 2288 1079 2337 66.

693 2349 847 2406 incideres
874 2351 957 2408 novit
979 2351 1053 2407 enim
1077 2353 1176 2408 crussi-

711 2420 837 2476 tudinem
848 2420 987 2492 flegmatis
994 2419 1122 2478 incidere
1131 2428 1176 2478 os

711 2492 792 2547 novit
819 2491 894 2548 enim
917 2491 1041 2549 incidere
1065 2510 1176 2549 omnem

711 2563 857 2618 humorem
880 2568 914 2618 66
937 2564 985 2631 (cf.
1007 2562 1077 2620 {scit
1099 2565 1175 2620 enim

711 2633 864 2760 fflbrem
874 2632 998 2690 calidam
1008 2634 1173 2690 1111616ίά66·

693 2775 876 2832 inonrsbllls
890 2776 976 2846 (passi
1018 2782 1062 2833 29.
1080 2782 1115 2832 48
1128 2780 1174 2832 etc.

694 2845 837 2903 incursus
855 2848 963 2915 (reums
1030 2853 1075 2903 29.

693 2916 833 2984 indigent
845 2918 875 2973 in
887 2917 1048 2974 cicuuicom
1057 2918 1125 2973 duci
1133 2923 1176 2973 46.

694 2988 859 3055 1161361916
879 2994 923 3044 41.
942 2994 986 3045 61.
1005 2994 1050 3044 64
1070 2995 1114 3045 66.
1133 2995 1177 3044 66.

693 3058 918 3126 indignationes
936 3059 1064 3115 metricis
1083 3066 1126 3115 18.

693 3129 838 3186 inducere
852 3131 898 3200 (cf.
911 3131 964 3187 sub
976 3130 1032 3201 in)=
1049 3130 1119 3185 dnos
1132 3129 1177 3183 in-

712 3200 987 3258 (16666616616161.
1020 3198 1121 3257 exinde
1146 3201 1178 3256 in

710 3271 829 3328 linteolo
852 3273 970 3329 densum
990 3273 1107 3329 induces
1134 3278 1177 3328 66.

711 3345 741 3399 66
758 3342 876 3400 linteolo
892 3344 1010 3399 densum
1027 3344 1177 3400 inductum
