2452 3840
451 162 693 227 -149-

153 309 183 369 in
207 307 412 369 curationibus
435 316 535 368 autem
558 313 676 387 oportet
699 315 836 387 aegrotas
858 308 987 388 plurimo
1010 309 1078 372 oleo

63 394 249 457 mollioribus
277 395 414 457 manibus
441 396 581 457 defricari
608 403 640 456 et
669 395 792 457 lavacris
822 397 1077 477 frequentioribus

64 487 177 566 curari,
210 486 299 545 etiam
331 492 361 546 et
393 484 459 546 cibo
487 485 603 546 diurnis
631 483 736 546 diebus
763 485 862 567 refici,
892 487 945 549 scd
977 493 1098 571 minen,

63 573 100 633 ab
132 573 330 652 indigestione
357 573 510 634 custodiri.
560 575 663 634 vinum
694 590 765 633 vero
793 577 1016 655 aquatissimum
1047 586 1077 636 et

65 663 131 722 lene
155 664 240 741 potui
262 661 359 744 dabis,
381 671 412 722 et
434 661 502 722 illos
524 664 650 723 maxime
674 663 725 740 qui
748 664 839 722 nimia
861 665 997 744 corporis
1020 665 1104 725 ari÷⁵

65 750 156 810 ditate
188 749 399 832 laboraverint,
434 749 502 830 plus
535 751 609 812 solio
642 752 793 811 immorari
826 768 913 828 quam
945 755 976 813 in
1008 769 1077 814 aere

61 837 192 919 iubebis,
216 846 246 900 et
268 837 393 900 sanabis.

404 996 477 1058 LXI.
513 996 562 1057 Ad
586 1015 728 1058 causon.

153 1121 264 1183 Cnosos
291 1122 382 1183 latino
406 1137 543 1181 sermone
571 1119 664 1180 febris
692 1120 865 1181 inccndiosa
892 1120 1010 1182 dicitur.
1047 1129 1078 1182 et

63 1209 97 1270 fit
119 1210 275 1290 aliquando
299 1227 369 1272 cum
392 1208 581 1289 delii-attona,
608 1215 638 1269 et
661 1186 815 1269 maxfimf
814 1211 952 1287 quotiens
976 1216 1076 1270 tumor
1091 1223 1117 1262 ιο

63 1301 157 1379 epatis
180 1307 210 1359 et
228 1300 340 1380 splenis
363 1299 549 1379 apparuerit,
572 1314 608 1357 ex
627 1296 719 1358 multa
740 1295 875 1358 ciborum
894 1299 1076 1358 comestione

62 1386 252 1448 inflammatio
282 1389 407 1468 erigitur
434 1393 464 1447 et
491 1387 585 1447 inurit
608 1384 767 1447 cerebrum
789 1392 820 1446 et
846 1388 974 1447 maniam
997 1387 1077 1467 facit,

63 1493 152 1553 quam
174 1493 230 1535 nos
252 1477 398 1537 insaniam
420 1475 555 1536 dicimus.

153 1565 315 1625 curationis
343 1582 413 1624 vero
442 1572 576 1643 tempore
603 1571 722 1643 oportet
748 1565 780 1625 in
808 1565 873 1642 ipso
899 1564 985 1625 initio
1008 1579 1074 1642 per·

61 1651 250 1713 mittentibus
281 1651 395 1714 viribus
422 1660 576 1731 aegrotum
604 1653 635 1712 in
667 1650 788 1713 bracbio
816 1651 1022 1732 flebotomare,
1050 1653 1075 1712 si
1090 1666 1116 1706 ιο

61 1749 160 1800 tamen
192 1748 288 1802 aetate
321 1743 436 1802 iuvenis
468 1741 568 1801 fuerit.
615 1747 646 1801 et
673 1742 699 1800 si
725 1759 762 1801 er
793 1757 956 1801 encauseos
987 1749 1077 1818 caput

62 1828 192 1892 doluerit
213 1828 389 1909 laborantis,
411 1827 442 1887 id
465 1835 511 1887 est
533 1826 758 1908 madescens,
781 1846 818 1887 ex
840 1827 905 1887 oleo
929 1828 1075 1888 omfacino

61 1914 200 1976 embroce
224 1918 319 1977 uteris
342 1924 393 1977 aut
411 1933 448 1975 er
470 1922 555 1975 aceto
577 1921 609 1974 et
626 1931 764 1995 rosaceo,
787 1914 866 1993 quod
892 1915 1074 1994 oxyrodinon

61 2012 177 2065 vocant.
214 2021 273 2064 non
296 2005 448 2083 praesenti
465 2020 537 2063 vero
555 2019 678 2063 rosaceo
700 2021 755 2082 pro
779 2020 901 2062 rosaceo
925 2003 989 2063 oleo
1013 2020 1074 2063 om-

62 2092 160 2152 facino
184 2091 291 2171 frigido
315 2094 423 2173 uteris,
445 2091 476 2151 id
499 2098 545 2152 est
567 2087 623 2150 llll
646 2091 704 2151 olei
726 2089 861 2170 partibus
887 2109 977 2152 unam
999 2093 1075 2152 aceti
1089 2109 1116 2148 ao
1158 2148 1162 2156 .

61 2179 247 2241 admiscebis.
285 2182 331 2241 sin
354 2198 425 2241 vero
448 2179 516 2260 plus
539 2179 711 2258 infrigidare
735 2180 878 2260 volueris,
901 2198 937 2240 ex
961 2180 1075 2258 aequali

61 2421 152 2493 corr.)
134 2421 304 2493 >ulcerosa
326 2421 431 2477 fuerint
444 2439 497 2549 ἔω
501 2417 638 2491 (πλὴνεί
658 2415 696 2491 μὴ
720 2419 803 2490 χωρὶς
826 2419 924 2483 ἕλκους
947 2421 1075 2491 φανεροῦ

60 2490 189 2560 plantato
213 2493 295 2562 Gal).
369 2493 443 2548 tde
498 2492 597 2548 cri-
619 2491 855 2562 frequentioribus
875 2509 967 2549 οοοο.
1057 2499 1074 2549 3

62 2562 149 2618 etiam
167 2579 258 2619 omwc
346 2563 484 2619 diuturnis
502 2580 543 2634 ορ.
629 2563 720 2618 reficis
738 2579 779 2633 ορ
868 2563 1014 2619 tenstodi
1032 2579 1073 2633 ορ.

60 2632 157 2689 vinum
176 2636 292 2703 (—1'1)v
307 2634 519 2717 aquatissimum
533 2636 609 2704 (—u)
628 2636 658 2690 et
675 2633 738 2689 lene
756 2636 838 2703 (-nci
856 2638 881 2703 c)
900 2633 1013 2703 potabis
1032 2650 1073 2715 ορ.

61 2705 219 2760 tmaxime
237 2721 329 2762 oenc
403 2704 463 2760 tiu
477 2705 593 2775 soliop.
665 2705 738 2760 8De
757 2720 884 2760 consone
916 2720 971 2773 que
988 2703 1074 2759 febru

60 2774 222 2830 incendiosa
240 2775 386 2845 dicitnrp.
495 2775 646 2831 tconson
667 2792 708 2844 ep.
817 2781 851 2830 10
869 2774 1072 2830 deliracbnec:

59 2845 248 2902 declinatione
271 2862 294 2916 ρ
322 2846 528 2917 (debilitatione
551 2851 588 2915 ρ’
619 2851 644 2901 et
674 2848 774 2899 item
800 2846 832 2899 in
858 2861 944 2916 mory.
973 2850 985 2898 i
1013 2842 1031 2899 t
1058 2851 1073 2900 ὅ

59 2915 327 2987 (Ιόοοοοὸοίορθ.)
418 2917 629 2986 et(mnx..)om
644 2933 674 2986 ρ.
764 2917 907 2985 tnmoap:
918 2862 1072 2972 phumm

62 2993 95 3042 12
113 2987 267 3056 inflatiop.
341 2987 458 3072 erigitur
476 2990 506 3043 et
523 2987 658 3057 nutrite,
679 2985 803 3055 erigitur.
829 2985 964 3056 Inuritp
1038 2992 1072 3040 14

60 3061 278 3130 opmometomc.
351 3074 522 3141 roomp
596 3030 1072 3127 ltsitmetatepzsitprstem·

58 3076 137 3200 pore)
161 3146 183 3184 c.
275 3135 308 3185 l'l
331 3130 367 3185 do
379 3130 454 3186 uerit
475 3129 636 3185 laborantes
655 3147 683 3196 c
705 3127 848 3185 doluerint
864 3128 1071 3196 laborantesp.

59 3199 239 3271 oniacinop,
259 3201 379 3257 -cioo
467 3206 500 3256 18
519 3199 751 3256 emtionem·
802 3198 995 3267 oxirodionc,
1014 3214 1072 3253 oxa·

58 3271 185 3341 rodmp
264 3278 297 3327 19
314 3271 440 3342 presenti
459 3272 532 3343 (pnti
550 3273 576 3342 e)
596 3273 638 3328 cio
660 3287 701 3341 ορ
773 3287 840 3327 vero
858 3285 955 3340 ceap
1027 3285 1071 3324 ro-

59 3358 141 3398 noceo
160 3344 235 3411 (onte
251 3345 315 3427 pro)
339 3360 432 3399 onae.
536 3342 726 3412 omfacinop,
745 3342 865 3398 -cioa
969 3346 1003 3396 21
1023 3341 1071 3397 ed-

58 3411 206 3484 miseeec,
228 3414 390 3484 nmiscesp
464 3414 553 3483 sinc,
577 3414 627 3482 Sin
645 3415 676 3482 (οἱ
695 3430 716 3469 e.
737 3413 767 3468 Si
783 3415 874 3483 ρῆρ
946 3414 982 3465 et
995 3427 1038 3464 ex
1049 3427 1084 3473 o„
