2452 3840
444 146 684 212 -151-

59 312 208 355 mensura.
263 296 361 355 omnia
397 293 604 356 commiscebis
641 303 671 356 et
707 294 816 356 adicies
853 311 941 355 orum
979 312 1072 356 unum

57 383 240 443 erudum'et
261 384 294 443 in
317 382 444 462 ampulla
467 384 580 464 mittes,
609 401 698 462 quam
720 386 751 444 in
775 382 880 463 frigida
904 401 979 461 aqua
1002 382 1072 444 snb·
1147 426 1150 430 ι

59 473 180 532 missam
206 469 400 550 infrigidabis.
442 479 472 533 et
499 472 618 551 quando
646 473 691 533 nti
718 469 862 553 volueris,
892 470 1015 551 agitabis
1038 479 1073 532 ut

58 577 154 621 unum
177 577 287 639 corpus
309 558 407 638 liquor
429 562 493 640 ipse
517 560 618 642 faeiat,
646 568 677 621 et
699 562 742 621 sie
765 559 803 620 de
825 559 964 622 embroca
986 560 1072 620 lanea

57 655 214 726 aegrotum
241 665 425 729 permagnos,
454 651 543 710 etiam
566 657 596 711 et
619 650 709 728 capiti
732 651 797 709 eius
821 648 1002 727 aliquantum
1026 650 1099 708 ins

58 736 175 796 londes.

148 825 204 885 alia
230 828 388 905 perunctio
416 826 608 906 lexipyretos,
640 827 676 887 ad
707 843 819 887 causon
847 833 877 886 et
904 826 940 886 ad
972 829 1072 906 iugem

57 914 120 973 sive
155 916 324 975 continuam
357 913 486 996 febrem,
518 932 606 993 qnam
638 914 744 976 Graeci
776 913 928 975 snochon
960 914 1072 975 dicunt.

56 1001 232 1064 cucurbitae
269 1019 404 1063 rasuram
441 1004 588 1083 exprimes
626 1011 657 1064 et
694 1020 851 1064 rosaceum
887 1003 986 1064 oleum
1023 1002 1072 1062 ad-

58 1089 198 1152 miscebis
231 1091 346 1170 aequali
378 1092 479 1172 modo,
512 1098 542 1152 et
569 1109 638 1153 com
666 1091 823 1170 diligenter
853 1092 1010 1152 miscueris
1039 1101 1074 1152 ut
1088 1105 1114 1144 ιο

58 1179 196 1257 frigidum
209 1231 211 1235 Α
224 1181 276 1259 sit,
304 1186 401 1240 totum
424 1197 534 1258 corpus
556 1198 736 1260 perungues.
771 1179 928 1258 aliquando
957 1187 986 1240 et
1008 1187 1073 1259 pty-

57 1275 157 1346 gmata
179 1268 285 1347 frigida
307 1270 340 1328 in
358 1268 463 1329 eodem
481 1269 598 1348 liquore
616 1268 715 1329 inlusa
733 1269 929 1349 sufficienter,
952 1269 1072 1329 visceri·

58 1355 116 1416 hus
149 1358 389 1438 superimpones,
417 1358 443 1418 si
475 1365 574 1419 tamen
601 1365 697 1419 aestas
728 1357 826 1419 luerit.
871 1357 969 1418 hieme
1001 1375 1072 1418 roro

57 1444 153 1505 calida
190 1454 220 1506 et
255 1444 320 1505 oleo
357 1448 479 1508 rosaceo
516 1452 665 1526 ptygmata
699 1443 839 1507 infundes
872 1455 902 1507 et
934 1445 1072 1506 similiter

59 1532 225 1595 visceribus
249 1541 387 1612 appones¹
1088 1546 1112 1588 15

76 1679 80 1685 .
148 1622 201 1683 sed
220 1624 246 1683 si
269 1622 345 1683 lorte
364 1623 462 1703 aliqua
479 1625 576 1685 tensio
594 1623 777 1702 praecordiis
796 1625 972 1703 occurrerit,
994 1631 1071 1684 cata·

57 1711 214 1790 plasmate.
233 1713 337 1772 uteris.
381 1711 513 1791 dactylos
545 1711 676 1775 nicolaos
709 1730 833 1773 numero
860 1711 884 1769 V
911 1709 975 1791 per'
993 1711 1073 1772 diem

56 1817 135 1877 aqna
163 1798 256 1859 calida
283 1798 424 1860 infundes
447 1807 477 1860 ct
500 1808 638 1860 conteres
662 1808 692 1860 et
718 1801 749 1860 in
773 1799 866 1861 calida
889 1799 1019 1859 resolves
1042 1808 1073 1859 et

57 1886 202 1966 adiunges
230 1885 431 1947 oleirosacei
457 1886 607 1947 modicum
635 1895 665 1946 et
692 1904 782 1966 snper
812 1889 912 1947 mittes
944 1886 997 1946 lini
1028 1905 1083 1958 se<

57 1976 147 2036 minis
174 1982 276 2054 partes
302 1973 329 2034 ll
358 1981 389 2034 et
415 1973 473 2034 olei
499 1981 615 2054 partem
636 1972 658 2034 l.
686 1981 812 2054 etpost
839 1973 903 2036 dies
931 1974 1071 2054 cataplas·
1086 1987 1113 2029 2⁰

57 2065 146 2124 matis
182 2061 314 2142 expletos
345 2062 509 2142 lexipyreto
537 2063 640 2124 uteris.
686 2063 756 2123 feeit
784 2065 863 2124 enim
891 2063 927 2124 ad
958 2063 1072 2124 febrem

131 2277 145 2323 1
161 2268 356 2334 commissise,
376 2274 456 2322 —ees
465 2286 496 2339 p.
569 2285 652 2323 ovum
666 2268 783 2323 crudum
798 2268 826 2322 .Ι,
837 2285 869 2338 p,
886 2275 961 2325 eruin
977 2271 1073 2339 (ovum
1095 2289 1098 2296 ’

56 2343 172 2410 unnmt)
192 2340 308 2395 crudum
326 2356 348 2395 o.
435 2339 585 2408 nampulo
603 2356 629 2395 e:
658 2339 812 2410 ampullam
826 2357 856 2410 p.
940 2339 1072 2410 frigidam

58 2427 162 2480 aquom
176 2428 206 2480 p.
280 2417 296 2464 3
314 2409 493 2480 infrigidabis
507 2427 534 2466 c:
552 2410 582 2464 in
600 2410 704 2480 frigida
722 2410 802 2466 dabis
816 2428 846 2481 p.
920 2417 937 2466 4
955 2412 1021 2467 lena
1039 2428 1072 2480 cp

56 2482 152 2550 (lanea
165 2485 219 2550 φῦ).
293 2487 482 2552 operungere
497 2498 529 2551 p.
601 2481 687 2536 etiam
700 2497 751 2537 om.
766 2499 788 2537 c.
861 2482 949 2554 capiti
967 2482 1026 2538 eius
1046 2499 1071 2538 c:

56 2553 160 2621 cepitis
184 2553 210 2607 ei
228 2569 259 2621 p.
367 2552 575 2621 aliquantulum
589 2570 619 2622 p.
729 2553 931 2623 'llexiperiton
944 2570 980 2622 p,
1003 2554 1073 2610 lexi-

57 2622 178 2694 petitetd
194 2640 217 2678 e.
290 2622 455 2678 8sinodom
470 2641 492 2691 e,
511 2624 626 2678 sineeon
642 2641 670 2692 p.
744 2625 910 2694 9exprimis
923 2643 952 2695 p.
1025 2625 1073 2678 ad·

57 2693 159 2750 misces
182 2711 209 2762 e,
233 2692 351 2748 amireos
370 2710 400 2762 p.
510 2700 543 2750 10
566 2693 608 2748 ita
632 2697 666 2758 nt
682 2711 713 2764 p.
823 2701 855 2748 11
880 2712 1018 2766 perunges
1041 2711 1071 2763 p.

56 2764 198 2836 ptigmate
211 2766 273 2834 (om.
289 2765 328 2833 et)
348 2780 372 2830 e,
391 2763 546 2834 eiptimete
555 2781 586 2833 p.
660 2771 693 2820 12
708 2764 893 2821 sufficientem
912 2783 934 2831 o,
954 2765 1031 2820 -tia
1040 2782 1070 2834 p.

56 2833 661 2977 la⁸uplplllll³lt⁰tl5⁹llliillll
679 2836 1072 2979 tttttlddtlrtll

52 2983 96 3047 12⁰·
185 2982 218 3031 16
238 2975 292 3031 Sed
310 2991 361 3030 om.
376 2993 406 3045 p.
497 2975 649 3047 ssbeuiep
672 2975 838 3047 (obcurrerit
851 2994 874 3047 p
887 2948 908 3047 )Ϊ
997 2983 1072 3034 cata·

58 3048 167 3119 plasma
194 3063 227 3116 ep
257 3047 316 3116 (qui
345 3048 453 3103 adduct
480 3048 648 3118 lexiperiton
676 3064 703 3115 e,
735 3047 905 3118 lixoperiton
932 3054 982 3104 aut
1009 3056 1072 3105 arere

56 3135 127 3174 corr.
144 3117 291 3190 lixopeton
308 3133 336 3186 p.
373 3119 446 3188 guod
465 3119 607 3174 &hedum
624 3119 740 3174 videm.
774 3120 809 3186 es.
827 3136 852 3175 e.
870 3122 928 3188 21).
1037 3126 1071 3176 17

56 3188 146 3245 uteris
169 3189 223 3244 hoe
248 3187 331 3243 modo
354 3188 380 3245 d.
400 3206 430 3259 p.
521 3194 578 3246 m‘ro
596 3206 623 3245 e:
646 3206 697 3247 om.
712 3207 743 3259 1).
834 3197 869 3246 18
890 3191 920 3246 in
938 3208 1012 3260 eque
1030 3208 1071 3262 ep.

57 3260 239 3316 infundes-
259 3258 353 3314 calida
375 3276 426 3316 oro.
450 3277 472 3316 c.
580 3263 610 3316 et
627 3277 677 3316 om.
692 3278 724 3330 p.
834 3268 866 3316 19
885 3263 1030 3332 adungues
1048 3279 1070 3318 e.

58 3330 148 3386 mittis
166 3347 207 3400 ep.
315 3330 368 3385 lini
386 3348 480 3413 semen
496 3331 608 3415 par.·H.
628 3348 656 3400 c,
677 3332 732 3414 lini
748 3331 862 3388 seminis
886 3333 1001 3404 pollinis
1018 3333 1077 3402 leis

56 3404 162 3472 pert-es.
180 3401 215 3459 H.
229 3418 260 3470 p.
333 3407 367 3455 21
386 3402 554 3472 lexrperrton
572 3419 614 3473 cp.
687 3420 764 3459 enim
781 3419 834 3458 orn.
850 3420 883 3473 p.
