2436 3816
538 151 580 161 -
627 113 780 180 206-

170 258 295 315 ustiones
313 273 383 326 qaas
406 253 522 311 efelidas
542 252 633 323 (affili-

169 332 220 385 das
239 347 261 395 c,
280 328 408 383 efellidas
422 329 455 395 p)
474 325 573 380 dicunt
591 330 634 380 73.

152 410 305 487 ἡλίωσιςε
321 414 459 470 solatione
470 430 537 469 vero
547 413 634 468 uteris

170 506 255 558 quam
280 486 380 543 eliosin
404 486 502 540 dicant
524 490 567 539 54.
598 485 633 552 cs.

171 559 243 616 Cael.
261 560 317 613 cbr.
337 563 362 624 4,
383 563 416 612 18
435 561 482 611 erc.

151 641 366 719 ἡμικρσίνιοςε
386 645 501 700 adeius
522 645 567 713 (εσ.
588 660 632 699 ca

169 720 247 790 pitis)
285 717 445 771 medietatis
486 716 632 783 (dolorem)

169 807 251 859 quem
298 790 393 857 (quam
434 787 522 855 codd.)
565 786 632 840 emi-

168 860 324 944 g(c)ranion
364 862 467 914 vocant
508 863 530 912 1.
583 859 634 910 sat

168 933 256 1004 ipsius
310 931 489 985 membranae
544 927 633 997 partis

170 1004 284 1074 (passio)
308 1018 392 1071 qaam
411 1000 542 1054 consuete
565 997 632 1053 emi-

170 1074 327 1145 gtcpanion
340 1072 437 1126 dicunt
454 1071 490 1125 ab.
511 1070 547 1124 ad
566 1069 634 1123 erni·

169 1145 324 1216 g(c)ranion
350 1160 418 1198 vero
446 1148 493 1196 cic.
520 1141 557 1195 ib.
600 1156 633 1194 ex

170 1214 349 1271 antecedenti
366 1214 463 1269 dolore
482 1211 571 1267 totius
589 1226 633 1264 ca·

169 1288 237 1358 pitis
265 1290 314 1341 aut
342 1283 495 1353 emigrauei
527 1283 578 1351 (εἰσ
607 1298 634 1350 9,

169 1357 245 1412 -nii
269 1360 313 1426 cp)
336 1360 379 1410 29.
417 1355 451 1420 cs.
480 1354 525 1406 Ps.
554 1352 633 1405 Pan.

167 1430 234 1484 med.
252 1435 301 1496 1‚1
319 1424 632 1494 emigrauiaangantar.

169 1501 205 1555 ad
239 1496 423 1566 emigranium
456 1495 512 1549 cod.
540 1494 633 1547 Broc.

171 1571 220 1625 Ta.
246 1569 333 1623 Prisc.
358 1583 381 1635 p
404 1563 454 1619 93l’
477 1570 502 1618 et
523 1581 553 1633 p.
576 1569 633 1619 102

168 1643 218 1697 ubi
244 1655 308 1695 mor
335 1636 505 1706 emigranius
533 1637 635 1704 pausat

170 1712 259 1768 si...
289 1709 361 1764 Occi,
385 1709 440 1761 cbr,
461 1713 490 1774 1,
513 1712 530 1758 4
554 1705 634 1759 dolor

169 1784 321 1839 vehemens
346 1779 448 1849 capitis
468 1778 557 1833 totius
585 1779 635 1830 aut

170 1853 279 1909 dimidii
307 1867 390 1922 quem
418 1850 552 1904 consueto
585 1864 632 1902 no·

168 1927 244 1981 mine
276 1922 475 1978 hemicraniam
504 1922 555 1989 (εἰσ
581 1920 633 1988 ed.)

169 1998 279 2052 vocant,
300 1995 392 2048 Marc.
397 2010 426 2062 p.
436 1997 481 2047 38.
489 1996 526 2046 39
535 1990 634 2060 (abido

169 2069 270 2122 σοίἰσίε
306 2065 418 2120 lectione
453 2078 511 2118 aaa
545 2062 634 2130 mapir

169 2140 292 2203 constat).
339 2137 418 2191 Alea.
454 2140 482 2202 1,
518 2137 631 2185 45-61

170 2209 356 2279 (emigraneus
371 2206 459 2270 dolor,
472 2202 634 2273 emigranea

169 2279 269 2350 passio,
280 2279 489 2349 emigraneam),
503 2275 632 2343 Erculap.

169 2352 224 2403 clar.
253 2366 274 2403 c.
305 2355 332 2402 1:
361 2347 460 2416 quodsi
486 2345 633 2400 dimidium

170 2422 256 2487 caput
282 2419 418 2482 doluerit,
443 2417 633 2486 emigraneam

169 2488 331 2557 appellatur
353 2489 421 2556 (coci.
445 2488 538 2557 Aug).
576 2489 633 2541 tro·

170 2558 288 2612 ciscaria
307 2556 477 2626 emigranica
494 2558 530 2611 ib.

153 2639 404 2718 θεραπευτικὴτ
445 2644 567 2699 Galeam
603 2644 632 2699 in

169 2736 219 2775 sua
233 2716 424 2787 therapeutica
433 2715 486 2769 boc
501 2716 545 2770 est
552 2714 632 2768 libris

170 2790 346 2846 curationum
365 2793 408 2843 30,

152 2877 322 2949 uocatos:
346 2875 474 2957 les
493 2873 633 2946 (globulos

169 2950 236 3005 Sim.
270 2966 290 3004 ε.
322 2949 358 3017 o.)
388 2947 531 3016 sauguinis
563 2961 633 3014 qaas

170 3021 270 3076 Graeci
283 3019 408 3074 trombos
421 3017 557 3088 (trambos
573 3033 632 3071 c=

169 3091 249 3160 Sim.)
273 3089 419 3161 appellant
440 3094 483 3143 80.
516 3086 633 3157 glebosa

169 3164 217 3230 (al.
243 3161 371 3233 globoso)
391 3158 526 3229 sauguine
548 3173 632 3225 quem

170 3232 270 3289 Graeci
293 3230 423 3287 trombou
448 3228 589 3297 (trumbon
607 3230 632 3297 σ)

168 3303 390 3442 aereae,
409 3302 448 3428 u
462 3300 631 3441 surra:

701 250 793 322 guinis
803 248 974 319 corpusculis
989 266 1069 319 qaae
1083 247 1173 321 θρόμ·

702 325 769 396 ρους
787 320 941 406 appellant

684 393 962 464 θρομβουμενοςε
987 390 1013 444 si
1038 407 1110 446 vero
1132 392 1172 446 ni-

700 463 792 589 fellus
809 461 897 516 fuerit
914 460 1058 530 (sanguis)
1079 464 1112 517 et
1129 479 1172 518 ve·

712 534 755 590 uti
782 533 925 604 glebam,
954 548 1042 600 quem
1072 532 1172 587 Graeci

700 606 775 674 tro(u
785 605 990 673 plmbumenon
1005 606 1117 659 vocant
1131 609 1171 659 39.

701 677 736 743 cs.
761 674 833 731 Occi.
857 675 927 728 Aur.
952 674 1010 727 cbr.
1036 679 1068 742 4,
1089 680 1127 729 40
1151 674 1172 729 si

700 747 812 817 gelatas
858 743 1001 800 obstiterit
1048 746 1172 816 sanguis,

701 817 777 943 quotd
801 816 901 871 Graeci
926 809 1102 885 θρόμβωσιε
1127 832 1196 877 νε,

700 906 772 945 can.

683 959 794 1027 θυμοὶ
817 958 864 1026 (ai.
886 952 982 1028 copae
1008 955 1078 1014 oea.
1101 961 1170 1027 dcl:

701 1028 855 1100 (verrucae)
887 1027 917 1082 in
952 1027 1170 1083 similitudinem

701 1099 873 1155 summitatis
909 1097 996 1168 tymi,
1041 1099 1121 1154 ande
1155 1115 1171 1153 a
1198 1104 1202 1111 '

701 1171 815 1228 Graecis
833 1174 928 1239 tymoe
947 1170 1055 1237 (tymos
1069 1186 1098 1239 p,
1117 1169 1170 1224 tbi·

701 1259 762 1313 mos
791 1243 815 1311 σ)
846 1238 1029 1310 appellantur
1064 1246 1099 1294 12
1130 1241 1171 1310 (dc

700 1314 807 1382 eripias
823 1311 944 1366 rensiaco
960 1311 1018 1376 sere
1037 1313 1170 1366 σσπεσηίἰί

702 1383 951 1452 Quam

683 1449 863 1526 ἰκτερσκόςτ
896 1451 1006 1508 icterici
1039 1452 1170 1508 dicuntur

702 1527 799 1581 morbo
828 1524 905 1594 regio
938 1523 1168 1579 laborantes...

702 1597 897 1666 sequitur...
916 1593 1011 1664 pallor
1044 1593 1169 1665 corporis

701 1685 764 1722 cum
785 1665 957 1722 ...crocei
1000 1665 1048 1719 vel
1095 1666 1169 1721 aurei

702 1738 803 1794 coloris
818 1735 955 1804 fantasia,
973 1735 1051 1791 unde
1065 1737 1103 1792 ab
1121 1734 1169 1791 ali·

701 1807 1168 1948 carrucarum

682 1922 882 2022 ἰκεερώδηςι
902 1966 965 2003 cum
981 1948 1096 2018 ingenti
1111 1947 1168 2020 pal·

701 2023 760 2077 lore
778 2022 923 2076 ictericum
937 2019 1071 2074 morbum
1085 2021 1168 2075 sima-

700 2093 790 2160 hnte,
816 2108 881 2146 uam
901 2089 1002 2145 Graeci
1024 2090 1169 2146 icteroden

700 2165 805 2218 vocant
821 2169 864 2217 32,

684 2232 913 2304 ἰλιγγιῶντεςς
980 2232 1054 2287 serti
1078 2232 1086 2244 '
1108 2248 1168 2287 osos

701 2303 1051 2443 carucata
1067 2305 1168 2444 uu

970 2414 978 2442 7

701 2462 724 2512 e,
743 2447 855 2517 ginnas
868 2445 928 2514 (sic,
946 2446 978 2499 ia
992 2444 1059 2499 novi
1077 2459 1168 2501 vam

700 2520 784 2574 initio
816 2519 903 2572 altera
930 2516 1061 2571 υσσσὸεείἰ
1088 2519 1168 2587 pam

696 2605 748 2658 per
776 2604 892 2643 errorem
920 2587 1033 2656 σεείεεσ)
1056 2604 1091 2656 p,
1118 2601 1167 2657 pso

699 2663 761 2729 ipso
773 2661 876 2714 scilicet
889 2657 981 2713 codice
994 2674 1064 2712 osae
1080 2657 1168 2714 rideri

799 2728 1069 2868 roura
1088 2733 1166 2866 aa

699 2872 779 2926 babet
798 2870 936 2941 „Giuntas
955 2881 1040 2940 grece
1058 2843 1166 2940 iertigo

701 2941 775 2997 Cass.
809 2942 856 2996 Fe.
890 2941 962 2999 etc.“
1009 2946 1091 3011 atque
1119 2940 1167 2995 boc

700 3012 811 3067 Simone
837 3013 972 3066 recentior
996 3013 1084 3079 fuisse
1109 3026 1165 3067 cor·

699 3084 812 3138 rectoris
822 3097 1080 3151 manusqaaesacc.
1088 3081 1141 3137 XI
1144 3078 1170 3133 V

699 3155 769 3222 inp
787 3154 966 3223 adscripserit
983 3152 1025 3207 ili.
1056 3153 1168 3209 Cassius

701 3226 773 3279 enim
791 3224 858 3294 „qui
882 3222 1010 3279 continet
1027 3226 1167 3280 tractatus

701 3296 770 3349 duos
781 3296 815 3349 (le
825 3295 951 3365 pratica“
967 3298 1010 3363 (ut
1019 3297 1062 3350 ait
1071 3295 1168 3350 simon

699 3368 732 3420 ia
740 3366 844 3435 praes.)
858 3365 1000 3435 significat
1019 3371 1071 3422 aut
1084 3381 1166 3423 moe
