2452 3840
486 123 754 221 924-

136 303 243 364 illines.
288 310 358 383 post
390 300 464 362 haec
496 318 565 361 cum
597 300 704 362 sudare
737 301 870 379 coeperit
897 298 1091 382 confricabis,
1123 308 1155 362 et

137 400 205 470 post
228 389 367 451 balneum
390 407 512 450 rosaceo
536 397 587 450 aut
608 389 737 468 myrtino
761 387 826 448 oleo
849 406 1030 468 perungues.

448 581 534 644 xvh.
571 583 619 643 Ad
641 582 835 662 parotidas.

226 707 396 769 Nascuntur
422 708 574 787 parotides
601 708 681 767 circa
708 708 825 767 aurium
853 714 968 788 partes,
997 704 1078 767 unde
1101 725 1153 768 no·

111 799 216 858 amine
236 815 342 876 graeco
361 799 404 857 sic
423 805 574 857 vocantur.
610 802 641 854 et
658 796 799 855 eveniunt
817 795 991 874 frequenter
1009 797 1041 855 in
1060 797 1152 875 aegri·

137 885 292 946 tudinihus
307 884 441 965 malignis
455 902 529 964 quas
543 882 649 943 Graeci
664 881 821 943 cacoethes
835 882 991 964 appellant.
1025 886 1153 944 maxime

138 972 205 1034 illis
223 974 288 1034 fieri
312 973 408 1034 solent
437 974 489 1053 qui
512 970 548 1032 ab
572 969 806 1049 aegritudinibus
834 972 971 1051 frigidam
1000 973 1153 1051 potionem

137 1064 401 1141 praesumpserint.
452 1069 482 1123 et
509 1068 580 1121 sunt
611 1059 707 1140 bonae
739 1077 815 1138 qnae
848 1058 946 1121 subito
978 1058 1153 1121 inchoantes

138 1168 206 1211 cum
230 1151 359 1210 extantia
381 1151 412 1211 in
437 1149 594 1229 superficie
614 1150 692 1208 cutis
714 1150 907 1227 apparuerint
927 1155 958 1208 et
981 1166 1051 1208 cum
1074 1167 1152 1209 com·

98 1240 251 1318 repetenti
279 1237 381 1297 dolore
409 1245 440 1297 et
467 1236 578 1296 rubore
602 1238 797 1317 competenti,
823 1255 921 1316 neque
946 1235 1154 1297 transvorandi

138 1325 269 1385 officium
293 1332 403 1404 negent
425 1342 523 1403 neque
547 1341 667 1384 somnos
689 1324 860 1403 impediant.
902 1332 975 1386 sunt
997 1323 1069 1385 aliae
1094 1342 1152 1385 ma·

137 1412 233 1492 lignee
266 1430 342 1492 quae
375 1414 585 1481 contrarietate
617 1430 708 1491 supra
747 1411 894 1474 dictarum
930 1411 1154 1492 intelleguntur.

139 1503 315 1579 contingunt
341 1503 451 1562 iterum
478 1499 629 1580 parotides
660 1517 729 1560 mox
762 1510 938 1580 apparentes
969 1519 1038 1561 mox
1071 1519 1154 1562 rece·

138 1588 256 1650 dentes:
285 1589 374 1649 nullis
400 1587 633 1668 procedentibus
661 1587 830 1670 adiutoriis,
860 1589 964 1651 salutis
985 1589 1155 1668 perieulum

99 1693 124 1735 15
139 1677 287 1759 referunt,
309 1676 346 1736 ad
369 1676 489 1737 altiores
511 1675 686 1757 pulmonum
708 1684 810 1755 partes
835 1678 992 1757 fugientes.

228 1767 391 1826 curationis
429 1774 563 1845 tempore
597 1763 633 1824 ad
664 1763 839 1826 inchoantes
875 1766 1025 1846 parotidas
1062 1764 1155 1826 medi·

139 1862 307 1916 cementum
328 1853 536 1915 diaioreticum
550 1854 594 1914 sic
613 1853 712 1914 facies.
741 1862 839 1915 cretae
854 1855 1039 1933 argentariae
1052 1862 1156 1933 partes

212 2099 225 2147 1
246 2094 353 2163 ceperit
370 2111 405 2163 p:
430 2094 522 2148 -rint
541 2109 564 2149 e.
672 2092 879 2162 con(9)frieabis
901 2110 928 2148 c:
953 2111 969 2159 z
991 2092 1105 2148 hieabis
1122 2111 1155 2165 p.

139 2170 283 2220 2rosaeeo
296 2181 332 2234 p:
350 2181 430 2219 roseo
449 2181 471 2219 c.
543 2180 681 2234 perunges
699 2181 752 2246 cp.¹
812 2164 890 2220 atat.
904 2163 949 2218 Ad
962 2163 1108 2234 parotidas
1126 2182 1156 2221 c:

140 2268 244 2323 Contra
261 2268 403 2338 parotides
417 2285 447 2338 p.
521 2269 685 2351 tparotide
704 2285 726 2324 o.
799 2273 880 2323 aunei
898 2285 925 2324 o:
943 2247 1020 2337 anrh'r
1033 2286 1064 2340 p.
1137 2276 1155 2326 5

139 2338 178 2393 sio
196 2355 223 2393 e:
242 2355 292 2394 om.
307 2355 338 2408 p.
428 2332 594 2409 dmahgnis
614 2355 640 2394 o:
666 2355 717 2396 orn.
731 2356 762 2410 p.
853 2357 923 2408 quas
942 2370 976 2380 -
995 2341 1155 2410 appellant:

140 2407 260 2479 agreois
274 2410 420 2464 caohoetes
434 2410 581 2480 appellant
594 2427 616 2480 o,
631 2411 748 2483 agreois
763 2409 949 2466 chachohetes
962 2412 1114 2481 appellatis
1122 2428 1154 2482 p.

139 2482 169 2536 et
186 2479 307 2535 maxime
321 2496 352 2550 p.
425 2480 516 2536 'ttieri
529 2481 620 2536 solent
633 2498 660 2537 o:
680 2480 848 2551 contingunt
860 2498 890 2550 p.
964 2483 1013 2550 qui
1026 2482 1064 2537 ab
1077 2482 1155 2552 ‘egri-

138 2550 282 2605 tudinibus
300 2550 404 2621 frigida
421 2552 536 2621 potione
549 2551 773 2622 presumpserint
791 2568 805 2607 e
827 2554 874 2620 (of.
893 2552 966 2607 Patr.
985 2569 1007 2609 o.
1021 2556 1087 2620 17),
1105 2553 1156 2622 qni

139 2620 326 2692 egritudinem
348 2638 366 2676 a
388 2621 493 2692 frigida
514 2622 630 2693 potione
652 2625 830 2692 sumpserunt
847 2639 878 2693 p.
986 2629 1003 2678 8
1026 2623 1098 2678 bone
1119 2629 1157 2693 ρο

140 2693 185 2760 (ire
202 2695 315 2761 ωαψς
342 2693 414 2748 bene
433 2693 479 2762 (be
493 2698 527 2763 p)
545 2710 587 2762 cp.
677 2699 693 2748 9
717 2693 900 2764 apparuerint
921 2709 948 2762 o,
971 2697 1111 2763 apparent
1123 2711 1155 2764 p.

140 2765 170 2819 et
187 2784 206 2830 p
225 2768 260 2818 oia
281 2762 393 2832 petenti
415 2763 511 2819 dolore
534 2767 564 2818 et
584 2765 684 2819 rubore
703 2764 829 2834 ppetenti
847 2781 875 2834 o,
899 2767 1010 2819 etcum
1029 2765 1156 2834 ppetenti

139 2835 239 2890 rubore
254 2836 283 2890 et
296 2834 392 2890 dolore
401 2851 433 2905 p.
507 2841 540 2891 10
553 2851 644 2905 neque
654 2852 689 2905 p:
704 2837 733 2889 et
746 2852 838 2905 neque
852 2851 874 2890 c.
948 2841 980 2890 11
993 2837 1100 2906 negant
1113 2852 1155 2905 cp.

140 2922 271 2975 sompnos
288 2905 421 2976 ipediunt
433 2923 472 2977 p,
496 2923 613 2976 sompno
634 2905 764 2977 ipediant
785 2923 808 2962 e.
883 2905 932 2960 '12
955 2905 1157 2961 contrarietate

140 2993 225 3045 supra
251 2976 391 3031 dictarum
423 2993 450 3032 e:
478 2975 616 3032 contrarie
642 2976 810 3046 supradictis
833 2994 856 3047 p
888 2976 1000 3045 (Patr).
1113 2977 1156 3031 in-

140 3046 306 3116 telliguntur
324 3064 365 3118 cp.
479 3054 511 3102 13
534 3047 637 3102 iterum
658 3047 720 3113 (it'm
737 3049 771 3117 p)
794 3064 839 3118 ep:
867 3047 921 3102 iste
941 3047 1016 3101 Patr.
1123 3053 1157 3101 13

139 3116 268 3186 parotide
287 3133 310 3172 o.
401 3124 436 3172 14
452 3118 537 3172 nullis
556 3135 582 3172 c:
600 3119 672 3172 nulli
689 3119 771 3188 (nll'i)
787 3135 810 3188 p
829 3118 905 3187 (ullis
924 3118 1019 3187 Petu).
1106 3118 1156 3172 ad-

140 3187 250 3242 iutoriis
268 3203 283 3243 o
301 3188 416 3257 (Petrdr
434 3189 548 3243 adruros
566 3189 629 3256 (oio)
643 3205 675 3259 p.
767 3189 982 3258 precedentibus
996 3205 1029 3258 ep
1043 3188 1155 3256 (Patr).

141 3258 261 3325 eddela.
286 3263 318 3325 6,
340 3265 385 3316 16.
429 3259 479 3316 Tb.
500 3260 633 3328 Pricap.
654 3266 693 3318 8⁰.
802 3265 836 3314 15
854 3260 904 3314 ad:
929 3263 963 3314 ut
981 3275 1008 3328 o,
1031 3261 1159 3330 eoppa

140 3328 255 3384 altiores
277 3346 306 3398 p.
324 3347 352 3399 p.
374 3331 511 3386 irruentes
536 3330 630 3400 Pete).
671 3333 736 3399 fort.
759 3332 792 3385 ut
814 3330 859 3385 ad.
955 3336 989 3385 1o
1007 3331 1045 3384 ad
1062 3346 1114 3386 om.
1133 3346 1155 3385 c.

143 3406 175 3455 17
194 3398 390 3454 diaforeticum
409 3417 435 3468 c,
460 3403 589 3456 —teoum
607 3402 671 3469 (eie)
685 3417 716 3472 p.
821 3400 974 3473 argentatis
993 3417 1016 3468 o,
1033 3401 1111 3457 -les
1125 3417 1157 3470 p.
