2436 3816
482 147 721 212 -198-

107 307 169 344 rum
192 291 287 359 partes
310 287 438 342 medetur
459 291 502 340 48.
535 286 571 351 ef.

107 356 293 426 κατωτερικός
312 361 329 426 (.
342 402 348 414 .
360 356 572 412 ,medicamini-

107 431 159 486 bus
183 431 258 501 potis
282 445 354 498 quae
377 428 479 484 Graeci
505 444 571 483 ano·

107 503 196 557 terica
214 502 387 556 vocaverunt
406 499 479 555 Cael.
499 500 571 555 Aur.

108 575 163 629 chr.
184 579 209 639 4,
225 577 259 627 64
277 587 339 640 opp.
359 587 430 639 quae
450 571 571 641 clystere

107 644 261 698 iniciuntur
278 644 336 711 io),

90 705 181 783 ἁπλῆ
190 713 368 785 ecclaesia
382 712 504 782 simplici
512 727 571 766 eor-

108 787 233 841 rectione
248 783 435 854 (correptione
450 801 481 853 p,
502 798 570 837 corr.

108 857 313 925 consectionet)
325 855 478 909 divisuram
487 853 571 922 (Occl.

108 928 190 997 Aser.)
202 928 291 995 dabis,
301 944 368 981 nam
378 925 478 980 Graeci
487 925 571 994 aplen

109 999 229 1054 dieresin
247 999 357 1054 vocant.
378 1003 419 1052 18.

91 1059 260 1137 ἀπόζεματ
309 1069 403 1124 urinas
450 1065 571 1136 simplici

109 1141 265 1210 apozimate
284 1138 450 1210 provocabis
469 1155 504 1193 ex
524 1137 570 1192 de·

33 1215 37 1223 ‘
109 1211 235 1267 coctione
258 1212 315 1280 apii
339 1213 369 1266 et
391 1209 510 1278 anetip
536 1213 570 1262 5⁷

110 1282 187 1352 (Sim.
202 1299 223 1336 s.
243 1282 369 1351 apozima
383 1281 510 1336 decoctio
529 1278 570 1332 di·

108 1369 251 1407 versarum
270 1351 471 1406 medicinarum
483 1392 489 1404 .
500 1392 506 1406 .
518 1352 545 1418 .).

90 1415 374 1493 ἆποκρουστικόνι
423 1421 570 1490 collyrium

109 1494 316 1564 spocrusticum
329 1493 501 1548 Hermolaou
515 1493 571 1546 sta-

108 1566 186 1620 ticou
214 1563 387 1632 appellatum
410 1564 519 1632 (Aetius
545 1568 570 1632 7,

110 1638 173 1706 102)
204 1634 412 1689 faciens...sd
443 1636 571 1688 reumata

108 1706 272 1777 repellenda
299 1707 328 1760 et
355 1703 522 1759 desiccantia
552 1719 571 1786 p

109 1785 152 1835 29.
194 1779 228 1844 cf.
254 1777 350 1832 Simon
372 1792 393 1832 s,
418 1776 572 1845 apocrusti-

110 1867 174 1905 cum
189 1865 270 1920 grece
280 1846 502 1918 repercussivum
511 1845 572 1901 red·

110 1939 229 2047 ἓτςαρηε
251 1918 572 2044 ptrDiasscopliplemlpg

133 2010 220 2047 assius
275 2007 330 2045 erx
364 2006 404 2044 ca.
509 2004 525 2042 o

109 2063 222 2117 mittiue
241 2064 270 2132 (i.
285 2078 306 2115 e.
322 2059 414 2116 Cassii
431 2059 572 2128 appendic

111 2133 204 2187 Paris.
218 2133 239 2200 f.
255 2131 314 2198 85¹³,
328 2132 377 2186 ubi
390 2131 443 2185 sic:
458 2129 571 2183 Mirtum

108 2203 227 2258 viridem
251 2205 281 2258 et
304 2203 442 2256 minutam
468 2215 570 2268 coques

108 2274 139 2328 in
161 2291 236 2342 aqua
259 2277 288 2328 et
307 2274 369 2328 oleo
389 2272 478 2327 donec
497 2287 572 2340 aqua

108 2344 277 2411 insumatur,
300 2361 356 2398 non
375 2346 470 2398 tamen
488 2341 572 2396 nimis

108 2430 144 2467 ne
158 2414 250 2467 oleum
266 2414 371 2479 ardeat,
386 2416 415 2467 et
426 2413 571 2467 redactum

109 2483 172 2608 nepti
184 2483 348 2608 ppservabps.
375 2483 463 2605 piabat
476 2486 573 2607 epten}

109 2571 136 2608 vr
166 2571 184 2607 u
214 2569 374 2621 maporus
399 2569 490 2607 cami
528 2570 557 2608 es

109 2624 344 2694 redarguentem).

91 2686 298 2764 ἀποπληξίαι
341 2693 493 2763 apoplexia
529 2694 571 2748 est

109 2766 288 2850 dictapaseio
298 2766 334 2820 ab
346 2781 379 2820 eo
389 2764 465 2833 quod
474 2763 571 2819 morti·

108 2839 167 2894 fero
191 2840 250 2893 1ctu
278 2835 402 2906 corporis
431 2834 515 2890 simul
542 2837 572 2890 et

109 2909 220 2964 animae
230 2907 379 2964 concidant
391 2906 570 2976 patientes...

109 2997 175 3035 nam
185 2977 570 3048 diciturapoplexisetpsra

109 3051 211 3120 plexis.
226 3051 275 3106 sed
288 3048 449 3131 apoplexia.
458 3090 464 3102 .
472 3045 572 3101 ‚totius

110 3121 234 3191 corporis
258 3137 319 3175 esse
343 3117 570 3190 intellegitur...

108 3191 273 3275 paraplexis
286 3206 353 3272 vero
371 3189 401 3242 in
415 3204 472 3243 uua
489 3189 571 3258 parte

91 3261 572 3414 dotatrtisttltcttltrctitnesdraeci

110 3405 286 3472 apostemata
304 3404 475 3473 (eruptiones
492 3402 570 3473 ploos,

642 286 732 340 interl.
752 288 791 354 ψ)
812 286 915 340 vocant
934 291 968 342 18
984 288 1037 355 (sic
1050 304 1111 360 pop,

642 362 673 411 at
686 357 811 411 Simone.
823 358 964 426 apostasia
980 359 1028 414 vel
1042 377 1111 430 apo-

643 430 873 495 staseosgrccea
893 430 1011 486 osterna.
1044 429 1110 486 Cas-

643 497 700 553 sius
717 497 809 552 Felix:
829 514 861 553 eo
886 499 1013 556 ectiones
1032 503 1112 572 greci

644 570 807 639 apostaseos
835 573 947 640 vocent)
979 597 1014 617 =
1044 574 1109 629 Isid

643 645 669 706 4,
685 646 709 707 7,
731 645 772 694 19.
798 635 988 709 ἀποστήματα
1007 669 1043 689 ==
1064 645 1111 699 ab·

643 728 752 766 acessus
762 711 828 767 Cels.
840 717 865 780 2,
882 716 896 764 1
914 713 1110 798 <collectiones

643 783 771 837 occultae
785 808 820 828 ι-
834 777 1008 852 ἕμπυηματα
1025 803 1049 840 c.
1064 793 1110 842 21.

643 853 678 920 cf.
696 852 768 908 Cael.
782 854 853 907 Am.
869 854 924 908 chr.
944 858 971 922 5,
986 859 1044 926 91).

624 914 838 995 ἆρθριτικοὶτ
857 925 980 980 artritici
997 929 1063 996 (ree.
1079 945 1110 998 cp

642 994 767 1062 artetici,
787 995 821 1062 cs.
836 993 902 1049 Sim.
917 1012 938 1051 s.
959 999 1110 1055 arthritica

642 1082 724 1136 grece
747 1065 877 1133 artetica)
901 1067 955 1134 des.
976 1075 1011 1122 52
1037 1071 1108 1139 (diff.

642 1134 790 1206 podagrici
809 1161 844 1182 =
864 1135 935 1191 Cael.
957 1138 1033 1197 Aur.
1052 1143 1108 1196 etr.

643 1213 673 1274 5,
706 1208 758 1276 27).
816 1206 975 1264 articularis
1014 1212 1109 1282 passio

636 1276 716 1363 ‚Geel
749 1278 798 1345 (cf.
815 1278 913 1345 Pau).

624 1349 805 1420 αρκευθὶςι
828 1349 950 1419 iuniperi
973 1352 1108 1408 bacarum

643 1436 713 1489 quas
745 1419 846 1475 Graeci
883 1421 1038 1478 arciotidas
1075 1427 1107 1491 (c,

643 1490 766 1546 orotidas
793 1491 828 1560 p)
859 1495 964 1547 vocant
997 1511 1031 1564 sp
1063 1501 1105 1550 49.

644 1562 689 1630 (cf.
708 1562 801 1618 Diosc.
822 1568 846 1630 1,
867 1564 936 1632 103).

624 1624 791 1704 decepere
804 1636 870 1688 ete:
883 1635 1014 1690 artemeli
1022 1638 1107 1705 (reue

644 1704 767 1768 -mellil
780 1705 955 1774 cataplasma
965 1713 1000 1760 44
1016 1707 1107 1777 (panis

644 1774 1105 1845 cummellefactusSimca).Alca.

644 1847 691 1901 lat.
705 1852 731 1912 2,
743 1852 793 1901 129
810 1848 866 1930 (cit.
881 1846 967 1916 simp.
991 1849 1028 1916 cs.
1045 1849 1105 1903 Gal.

644 1917 692 1986 (X,
717 1922 768 1972 796
791 1937 823 1971 το
848 1913 1026 1986 καλούμενον
1050 1915 1105 1974 ὑπὸ

643 1988 699 2041 τῶν
719 1986 822 2055 ἰατρῶν
836 1981 978 2058 &propria
1000 1991 1039 2046 ib.
1056 1997 1105 2047 910

638 2059 716 2142 pte),
737 2057 845 2140 Qriboa.
859 2064 907 2113 cte.

626 2131 1106 2282 lassataslasatas

642 2271 705 2325 dico
728 2270 813 2325 melle
835 2271 1007 2341 confectum,
1031 2275 1106 2345 quod

642 2340 792 2411 artofagon
817 2345 922 2397 vocant
944 2350 988 2402 32.
1024 2345 1106 2400 lenti·

642 2411 708 2466 cula
725 2453 731 2466 .
746 2455 752 2468 .
769 2455 775 2468 .
790 2412 859 2468 trita
895 2431 959 2468 cum
996 2416 1105 2472 modico

642 2483 727 2538 melle
755 2485 785 2538 et
811 2500 885 2554 pane
911 2484 1005 2541 inluso
1032 2491 1105 2542 cata·

641 2554 807 2636 plasmatis,
829 2555 903 2622 quod
917 2554 1020 2611 Graeci
1034 2560 1105 2612 arto·

641 2625 741 2694 lagnon
755 2627 810 2695 un,
829 2626 1000 2696 ariopagion
1013 2631 1039 2698 c)
1058 2646 1106 2698 sn·

642 2696 752 2764 pellant
770 2702 812 2750 22.

624 2761 856 2834 ἀσθματικόςτ
883 2768 1027 2824 astmatici
1044 2771 1103 2839 (rec.

643 2837 774 2892 asmatici
804 2855 863 2908 pcp.
920 2840 956 2906 cs.
985 2841 1052 2896 Sim.
1083 2857 1103 2894 s.

642 2922 723 2989 asma
740 2909 784 2963 cit.
805 2909 890 2966 Paul.
904 2915 930 2965 ct
946 2927 968 2966 s.
984 2911 1105 2979 asthma)

643 2978 775 3033 dicuntur
798 2979 887 3035 latino
910 2997 1039 3038 sermone
1058 2999 1105 3039 an-

644 3047 735 3104 helosi
756 3050 804 3104 vel
826 3051 979 3121 suspiriosi,
1004 3060 1038 3108 41
1060 3053 1104 3124 (cf.

644 3119 786 3176 anhelatio
816 3119 883 3177 Cels.
912 3128 942 3191 4,
970 3128 995 3178 8.
1035 3123 1105 3179 Geel.

644 3194 824 3261 oa.s‚1oa).

625 3251 777 3330 ἀσκίτηςε
811 3263 910 3328 (altera
940 3266 1107 3336 hydropicae

640 3334 782 3414 passionis
825 3335 972 3404 distantia)
1010 3354 1028 3391 a
1059 3342 1121 3391 ve·'

643 3403 751 3458 teribus
774 3403 874 3460 ascites
894 3406 1058 3463 nominatur
1075 3406 1104 3462 id
