2436 3816
548 173 867 271 -40-·

151 322 231 380 tione
260 319 336 380 tacta
363 318 496 399 curabis,
530 319 716 395 considerata
748 321 844 397 primo
877 322 970 398 ipsius
1002 319 1165 382 iaborantis

151 416 246 468 aetate
269 416 300 469 et
322 415 456 486 tempore
480 416 510 468 et
532 409 667 486 regione,
693 415 724 466 et
746 408 839 486 ipsius
863 410 1049 469 reumatismi
1072 409 1164 488 quali·

151 505 211 556 tate
239 496 285 557 vei
312 498 485 574 quantitate.
526 498 589 575 ipsa
612 513 683 555 vero
711 494 775 556 loca
803 513 878 574 quae
905 499 1060 576 patiuntur
1088 515 1164 576 pane

151 602 241 662 posca
263 584 362 644 infuso
385 593 415 644 et
439 586 508 645 trito
532 583 756 663 cataplasmabis
778 592 809 644 et
827 584 953 645 sanabis.

124 756 137 794 ⁵
401 742 518 803 xxiiii.
555 743 602 802 nd
627 745 742 822 ignem
767 761 914 805 sacrum.

242 867 321 947 Ignis
345 885 430 927 sacer
453 866 489 927 ab
513 865 676 927 invadendo
701 885 716 926 a
736 865 857 926 Graecis
881 866 1042 946 erysipelas
1066 867 1163 946 appel·

152 956 244 1037 latur,
267 959 293 1016 si
316 956 436 1034 quidem
459 956 554 1015 vicina
578 954 634 1016 sibi
657 954 721 1014 loca
744 955 908 1015 invadendo
932 955 1090 1033 possideat.
1134 965 1165 1017 et

152 1046 281 1106 efficitur
301 1043 356 1105 sub
380 1045 492 1122 ingenti
512 1043 609 1104 calore
629 1045 781 1122 sanguinis
800 1061 835 1103 ex
856 1045 1064 1104 commixtione
1089 1043 1164 1105 sellis

152 1135 231 1213 ssavi,
261 1151 348 1210 quam
373 1132 478 1192 Graeci
505 1132 634 1193 xanthen
659 1131 764 1192 cholen
793 1141 906 1192 vocant.
951 1141 981 1192 et
1003 1141 1049 1193 est
1072 1131 1165 1193 rubor

114 1233 140 1271 10
153 1223 306 1281 flammeus
330 1221 361 1278 in
390 1219 547 1298 superficie
571 1223 649 1280 cutis
673 1239 741 1280 cum
771 1219 872 1281 dolore
896 1229 926 1280 et
955 1229 1079 1281 tumore.
1117 1223 1164 1281 siu

153 1327 223 1369 vero
247 1311 326 1368 eirca
355 1306 439 1386 gulae
463 1315 562 1385 partes
587 1308 677 1368 suerit
705 1317 806 1388 natus,
834 1309 1063 1387 praefocationis
1086 1312 1165 1389 peri·

152 1397 252 1456 ouium
276 1397 376 1475 affert,
404 1413 472 1455 cum
500 1398 530 1455 in
559 1405 621 1456 toto
644 1395 758 1457 vultum
782 1397 927 1457 inflaverit
956 1406 987 1457 et
1010 1415 1026 1456 a
1049 1400 1165 1458 cervice

153 1503 248 1562 usquc
271 1483 307 1544 ad
332 1483 462 1544 thoracis
485 1492 585 1562 partes
608 1485 699 1544 fuerit
721 1484 867 1546 dilatatus.

241 1575 271 1633 iu
305 1571 510 1632 curationibus
539 1582 638 1633 autem
667 1575 694 1632 si
725 1573 844 1650 grandis
877 1574 967 1633 fuerit
996 1574 1168 1655 erysipelas,

115 1676 139 1713 1⁵
153 1661 345 1721 flebotomare
364 1668 483 1739 oportet
501 1670 531 1721 et
549 1661 709 1721 secundam
728 1661 942 1723 detractionem
960 1662 1058 1722 iacere
1078 1680 1168 1742 quam

154 1751 338 1828 opaiaeresin
376 1758 495 1828 vocant,
537 1758 566 1809 et
606 1752 631 1809 si
673 1751 752 1809 vires
795 1752 974 1828 aegrotantis
1012 1753 1168 1827 patiuntur

154 1840 299 1899 ieiunium
326 1838 442 1898 diurnis
470 1837 575 1898 diebus
602 1840 749 1917 imperare
776 1848 807 1898 et
834 1856 850 1898 a
878 1841 945 1899 vino
969 1849 999 1898 et
1028 1838 1167 1899 omnibus

154 1926 294 1988 carnibus
313 1925 471 1987 abstinere.
504 1929 530 1987 si
548 1936 647 1987 autem
665 1926 865 1987 flebotomiam
887 1928 1006 1987 minime
1025 1927 1167 1988 adbibere

154 2018 301 2094 potueris,
329 2017 443 2076 acriore
468 2015 594 2095 ciystere
624 2026 758 2076 ventrem
782 2014 951 2096 evacuabis,
978 2024 1029 2075 aut
1052 2016 1167 2076 cathar-

113 2118 141 2155 πο
156 2105 248 2163 ticum
277 2104 355 2182 quod
384 2104 490 2164 iiavum
519 2103 558 2164 iel
586 2104 715 2183 deponat
741 2103 838 2183 dabis,
866 2112 899 2163 ut
928 2112 999 2163 sunt
1021 2106 1168 2184 catapotia

153 2190 279 2251 Gaioui
303 2194 442 2270 superius
465 2194 496 2251 iu
519 2194 656 2270 passione
675 2194 780 2270 capitis
804 2194 922 2270 scripta
959 2191 1120 2270 posthaec
1139 2202 1169 2253 et

228 2439 241 2483 1
261 2429 437 2485 considerata
455 2448 500 2500 cp:
520 2436 585 2485 -to
598 2448 624 2500 9.
701 2438 717 2486 2
736 2431 910 2487 reumatismi
927 2449 976 2502 pp:
995 2433 1131 2488 reumatis
1146 2452 1169 2489 c.

155 2504 232 2555 ortt.
251 2501 295 2555 Ad
314 2500 408 2570 ignem
427 2517 522 2555 sorum
541 2508 662 2583 (socrum
680 2504 705 2571 c)
743 2520 765 2568 c,
784 2503 825 2556 De
843 2503 909 2573 igne
927 2520 1007 2557 secto
1021 2521 1052 2572 p.
1151 2511 1168 2559 a

154 2587 233 2625 socer
251 2588 297 2641 cp:
316 2587 380 2626 acer
397 2588 424 2641 p.
514 2520 764 2642 ens1tensic)piias
782 2591 842 2643 pop.
929 2574 1106 2642 tpossideet
1141 2593 1168 2630 e:

157 2643 239 2697 -det
252 2660 282 2712 p.
360 2648 430 2696 Sex
449 2659 495 2711 ep:
515 2647 544 2697 et
560 2661 585 2713 p.
667 2649 864 2714 9q1mmpcp,
948 2648 1049 2705 exacte
1067 2594 1169 2700 cboien

153 2732 193 2839 px,r
213 2716 313 2768 exenio
340 2712 420 2768 colen
444 2731 470 2778 e,
494 2718 595 2768 excute
617 2712 701 2768 celeti
719 2732 751 2784 p.
855 2715 1012 2838 gemitur
1040 2716 1170 2839 Isgipera

153 2789 245 2925 Si'qi'
265 2791 290 2837 4*
337 2862 367 2908 11
384 2787 661 2929 {tulpuipifflgttiilibpe
682 2790 767 2911 sulii
780 2801 853 2924 §ripe
887 2802 932 2924 obi
947 2804 981 2909 in
1000 2803 1168 2938 marqinprii

154 2924 309 2981 vocationis
328 2928 367 2993 (t).
443 2934 474 2981 tt
495 2928 523 2981 in
541 2928 603 2982 toto
618 2928 698 2981 vultu
711 2944 752 2998 pc,
771 2932 863 2982 totum
877 2927 986 2981 vultum
1006 2931 1067 2995 (orn.
1086 2934 1128 2994 m)
1137 2945 1168 2997 p.

152 3012 171 3050 u
188 3012 238 3051 om.
258 3013 299 3067 ep.
397 3005 429 3051 14
449 2997 587 3067 erisipilee
604 3016 635 3069 p,
655 2999 749 3067 —pile
767 3016 808 3066 cp.
910 3004 943 3050 15
961 2998 1125 3054 fleotomum
1142 3015 1168 3068 p.

153 3066 304 3148 secuudum
330 3086 363 3137 pe
386 3067 433 3137 („i.
476 3084 619 3151 roaperem
643 3069 762 3123 bonem“
787 3071 818 3121 in
838 3084 926 3150 scorp.
949 3072 990 3138 pt:
1015 3069 1169 3152 seeundum

153 3154 293 3263 itte.
313 3145 412 3279 ⁹35⁸
479 3139 920 3280 umettntept‘tfflttti
933 3246 941 3261 .
956 3253 962 3264 .
977 3140 1168 3281 iiiiii,

152 3278 255 3334 acriori
277 3279 351 3345 (bic)
374 3297 393 3349 p
417 3282 449 3348 (-
463 3297 492 3335 re
511 3284 563 3362 ep).
637 3350 643 3360 Ι
671 3287 706 3361 29
728 3280 832 3334 florum
855 3279 914 3361 mil’
935 3282 999 3361 (sie)
1013 3299 1049 3361 p,
1072 3282 1169 3336 fevum

151 3348 237 3477 &tiso
247 3352 356 3493 §phem
368 3355 561 3489 nesbpoom
574 3350 692 3420 guthem
705 3368 736 3420 p,
756 3356 916 3420 ostspucree
930 3352 1036 3421 gahem
1050 3369 1072 3417 c,
1092 3356 1169 3408 oste·
