2452 3840
533 166 747 230 „62-

226 312 304 373 alind
327 313 481 391 optimum.
517 312 616 389 ipsum
639 312 812 392 sanguinem
835 311 936 388 accipe
956 317 987 369 ct
1007 308 1151 369 combure

137 409 168 463 et
199 402 276 462 iacto
309 400 430 480 pulvere
462 399 608 458 nescienti
640 397 762 459 naribus
793 399 888 478 inice,
920 399 946 458 si
977 397 1014 457 de
1048 396 1151 458 dextra

137 489 258 550 dextrae
282 491 307 549 si
331 488 366 549 de
390 488 510 547 sinistra
533 494 633 547 manet
655 488 804 547 sinistrae.-

226 576 304 638 aiiud
337 576 416 655 quod
448 574 606 635 Galenus
638 577 670 635 in
702 592 755 635 sua
785 573 990 653 therapeuticc
1018 573 1075 634 hoc
1106 581 1152 635 est

109 665 220 726 olibris
252 667 440 726 curationum
476 664 542 723 tieri
578 665 737 742 praecepit.
788 665 814 722 si
850 662 887 722 de
924 663 1045 722 sinistra
1079 679 1151 722 nare

137 756 258 832 sanguis
286 753 466 834 decurrerit,
497 749 683 812 cucurbitam
710 752 929 811 tenacissimam
957 749 1049 810 muita
1082 768 1152 811 cum

136 842 253 902 ssamma
276 841 371 920 spleni
394 837 619 920 conglutinabis.
656 841 683 899 si
705 838 741 899 de
765 837 882 920 dextra,
912 841 992 917 epati
1015 838 1151 899 similiter

137 948 276 1009 appones.
667 966 673 977 -

225 1017 304 1078 aliud
332 1020 358 1078 si
386 1018 508 1078 chronia
537 1017 628 1077 suerit
655 1017 752 1095 passio
780 1014 810 1075 id
835 1022 881 1075 est
903 1014 984 1094 longi
1008 1017 1151 1094 temporis

98 1122 123 1162 10
137 1113 168 1166 et
190 1109 278 1166 nimis
306 1124 451 1185 aquosum
478 1114 509 1166 et
531 1112 652 1165 tenuem
680 1104 789 1165 videris
817 1103 883 1163 fieri
910 1100 1098 1185 sanguinem,
1126 1106 1152 1164 si

138 1201 235 1254 tamen
264 1193 371 1254 solutio
401 1201 563 1273 spontanea
589 1195 702 1253 ventris
731 1193 851 1252 minime
879 1190 1042 1272 obstiterit,
1072 1199 1150 1252 cata-

137 1284 216 1361 potia
245 1281 369 1341 Galeni
398 1283 536 1360 superius
564 1283 594 1340 in
622 1283 760 1360 passione
788 1281 894 1358 capitis
921 1281 1031 1358 scripta
1059 1279 1152 1361 dabis,

138 1377 168 1430 et
191 1369 346 1429 humorem
370 1387 425 1448 per
446 1375 581 1428 ventrem
604 1367 759 1450 purgabis,
781 1375 813 1428 ct
836 1366 996 1428 sanabitur.

337 1527 439 1588 XXXI.
476 1526 523 1587 Aa
547 1527 715 1607 polypum
738 1536 774 1588 et
796 1545 956 1588 ozaenas.

97 1663 135 1708 15·
226 1650 373 1729 Utrasque
397 1652 565 1731 passiones,
592 1649 622 1710 id
646 1657 692 1710 est
714 1650 854 1730 polypum
877 1658 908 1710 et
930 1666 1054 1710 ozaenas
1078 1668 1151 1728 quas

137 1755 192 1799 nos
211 1739 322 1800 fetores
340 1741 456 1800 narium
481 1738 616 1817 dicimus,
634 1741 834 1800 communiter'
853 1738 1078 1799 medicamentis
1102 1738 1151 1799 de·

210 1951 223 1999 1
243 1945 381 2015 optimum
391 1962 427 2015 p:
446 1961 497 2000 om.
512 1962 527 2000 c
540 1945 586 2014 (cf.
603 1945 678 2001 ΡΜ.
695 1943 800 2014 optime
813 1943 884 1999 fecie
894 1940 927 1997 'si
942 1983 948 1996 .
964 1986 970 1998 .
987 1986 992 1998 .
1009 1942 1150 2014 excipias).

136 2015 229 2085 ipsum
257 2035 278 2071 s.
309 2017 440 2072 combure
468 2018 498 2071 et
522 2015 598 2071 facio
626 2016 742 2086 pulvere
769 2015 883 2069 neribus
905 2012 979 2068 inice
1002 2014 1027 2068 si
1052 2015 1152 2070 dextra

137 2087 234 2142 dextre
253 2086 277 2141 ai
296 2087 408 2143 sinistra
425 2090 540 2142 manent
558 2086 669 2142 sinistre
688 2103 710 2154 c,
732 2087 825 2155 ipsum
843 2102 863 2141 s.
883 2082 1011 2154 accipere
1029 2088 1059 2140 et
1078 2102 1151 2140 com·

136 2157 238 2229 butero
258 2159 288 2213 et
304 2156 398 2227 ipsum
415 2158 561 2228 pulverem
581 2157 787 2226 naulcet1(eic‚
809 2153 950 2211 nesciente
971 2155 1059 2224 Patr.)
1077 2156 1151 2211 nem·

135 2228 188 2282 bus
206 2227 326 2282 insuffla.
371 2227 395 2282 si
417 2228 452 2283 de
476 2226 587 2298 sigistro
605 2228 668 2295 (sic)
692 2227 722 2282 in
745 2225 866 2298 sigistro.
903 2224 927 2280 ai
951 2225 986 2280 de
1009 2226 1103 2281 desire
1121 2227 1151 2282 in

137 2298 269 2366 desirop
287 2299 426 2364 (mmaie'ter
444 2298 538 2366 Pete).
571 2298 607 2365 cf.
628 2297 926 2366 Tn.Prtsc.1,1e.³
977 2298 1151 2366 4(item12)

136 2384 242 2456 galieni
260 2401 293 2454 ep
310 2385 386 2452 (Gai.
407 2387 450 2455 X,
469 2391 532 2443 316.
570 2386 605 2453 cf.
621 2385 712 2453 XIV,
726 2390 801 2454 338).
874 2384 905 2440 in
923 2401 974 2441 sua
990 2385 1088 2455 pedico
1103 2373 1152 2441 {ra

134 2473 163 2525 p,
182 2455 213 2510 in
231 2472 282 2510 ena
299 2456 424 2526 puericie
441 2457 634 2526 therapeutica
653 2473 675 2511 c.
775 2458 830 2512 hoc
848 2458 892 2512 esi
910 2471 936 2510 c:
955 2454 974 2510 i.
993 2455 1033 2523 (id
1052 2458 1105 2525 est)
1118 2473 1149 2526 p.

137 2526 284 2582 esinistro
302 2544 325 2597 c,
344 2526 457 2597 sigistro
470 2545 501 2596 p.
611 2534 627 2582 6
650 2527 790 2583 decurerit
814 2529 879 2595 (eie)
901 2543 927 2581 c:
954 2527 1106 2582 cucurrerit
1118 2545 1150 2596 p.

138 2605 153 2652 7
173 2597 264 2667 spleni
282 2615 308 2654 c:
328 2604 388 2668 epie
397 2616 420 2667 p
440 2598 520 2668 (spl'e
533 2599 589 2668 ρο).
661 2598 759 2654 dextro
774 2615 797 2666 c,
815 2599 908 2654 desire
920 2613 949 2665 p.
1022 2598 1151 2653 similiter

136 2701 261 2757 appones
285 2688 363 2757 epoti
381 2704 412 2756 p.
516 2691 532 2740 9
551 2686 636 2742 Aliud
655 2687 679 2741 ai
697 2685 793 2743 cronia
810 2703 837 2741 c:
857 2686 887 2742 Si
904 2675 949 2756 31}
961 2702 985 2755 p
1003 2687 1046 2756 (in
1062 2703 1149 2756 mcrp.

136 2775 222 2831 Aliud
241 2776 265 2831 ai
283 2760 344 2833 3105,
357 2777 412 2846 ρο).
487 2781 520 2831 10
537 2774 621 2830 nimis
634 2792 670 2845 pa
688 2774 806 2830 nimium
825 2791 848 2829 c.
924 2792 967 2844 oq.
985 2774 1150 2844 sanguinem

136 2850 166 2903 et
182 2850 202 2903 t
221 2846 326 2904 videris
344 2848 406 2918 (em.
424 2847 497 2916 fieri)
513 2863 543 2916 p.
642 2845 740 2901 Sitne
759 2848 825 2915 (pro
843 2845 974 2928 sitffip)
994 2862 1016 2928 o.
1117 2851 1148 2898 11

135 2924 193 2972 ime
212 2936 235 2988 p
257 2921 301 2984 (e'n
323 2935 409 2990 mcrp.
428 2925 476 2989 12⁰:
500 2917 545 2972 al'.
568 2924 656 2973 mime
680 2943 714 2964 =
737 2918 770 2986 c).
879 2917 1022 2971 obstiterit
1039 2931 1075 2986 p:
1102 2917 1151 2969 ain

137 2988 266 3045 stinuerit
289 3007 310 3046 e.
419 2987 578 3059 catapoties
593 3031 599 3044 .
615 3031 622 3045 .
637 3031 643 3044 .
659 2989 778 3057 scriptas
800 3003 833 3057 ep
857 2987 949 3058 (debis
972 2987 1092 3056 scriptas
1117 2991 1149 3054 c).

138 3065 171 3114 13
189 3059 336 3116 humorem
350 3077 386 3129 p:
406 3076 484 3114 -res
503 3076 525 3113 c.
612 3059 757 3114 sanabitur
775 3074 802 3113 c:
822 3058 934 3113 sanabis
950 3074 979 3127 p.
1054 3063 1087 3111 14
1106 3058 1150 3111 Ad

136 3130 264 3200 polipnm
286 3136 316 3188 et
339 3147 451 3186 cremas
474 3143 511 3184 em
529 3135 562 3184 31
588 3133 668 3197 can
690 3131 748 3184 ind.
769 3145 848 3199 capp.
892 3129 937 3184 Ad
953 3127 1103 3198 pulippnm
1122 3132 1151 3182 et

136 3206 419 3328 ‘'uetiti-titt
439 3203 716 3342 ‘iiiii‘iiffim
735 3200 1032 3339 {Xivffiiiiffiii
1051 3215 1174 3325 ‘iiii'

136 3287 172 3408 ΥΙἼ
188 3346 231 3397 11.
342 3349 374 3397 15
393 3289 510 3412 ntegrque
528 3312 560 3398 c..
622 3287 752 3412 pnliegpum
775 3343 805 3396 et
825 3311 922 3409 pernas
935 3314 975 3410 p,
997 3311 1103 3411 pulipis
1121 3311 1152 3396 ei

136 3427 236 3467 oneme
254 3429 276 3468 c.
351 3421 384 3468 16
402 3415 506 3470 fetores
521 3430 555 3483 pa
573 3413 651 3470 ienre
669 3413 779 3483 (fetore)
798 3428 820 3469 c.
